3998 6444
244 459 400 525 £566

1450 458 1863 532 EXPOSITIO
1904 464 1984 530 IN
2028 463 2414 533 PSALMOS.

3470 448 3630 539 me

237 593 381 650 ναικὶ
622 598 749 670 μιᾷ,
795 594 885 654 καὶ
931 594 1103 660 οὕτως
1151 594 1275 669 ἔστη
1322 599 1358 669 ἡ
1412 598 1548 675 ὀργὴ
1594 604 1691 655 τοῦ
1722 603 1875 671 Θεοῦ,
1907 602 1960 670 Α
1989 597 2347 675 παρανομίαν.
2401 593 2736 675 Προφητεύει
2786 590 2844 652 δὲ
2886 588 2976 651 διὰ
3020 587 3221 650 τούτων
3272 584 3301 644 6
3342 583 3505 646 Δαυίδ
3542 585 3629 647 ὅτι

232 681 613 755 ἐξιλεωθέντος
634 690 714 757 τῷ
745 685 900 759 ζήλῳ
926 691 1028 742 τοῦ
1052 688 1263 751 Φινεές.

315 794 345 825 ιι
372 774 471 828 Καὶ
526 772 779 850 ἐλογίσθη
840 775 987 847 αὐτῷ
1042 776 1117 838 εἷς
1175 774 1513 847 δικαιοσύνην
1569 778 1645 840 εἷς
1693 780 1876 853 γενεὰν

243 861 332 916 καὶ
360 862 542 937 γενεὰν
587 859 695 924 ἕως
737 868 832 919 τοῦ
878 864 1092 930 αἰῶνος.
1130 889 1159 919 ››
1188 900 1254 909 -
1287 866 1385 923 Καὶ
1434 868 1462 921 6
1511 867 1672 944 φόνος
1721 867 1877 930 οὗτος

240 947 316 1011 εἷς
375 950 539 1026 ἀρετή
595 952 741 1028 παρά
794 952 1007 1009 πάντων
1062 951 1317 1030 ἐλογίσθη
1384 960 1461 1027 τῷ
1517 956 1700 1017 Φινεὲς
1759 953 1877 1011 δια-

240 1039 460 1101 παντός.

307 1152 337 1181 ‹‹
370 1128 469 1183 Καὶ
509 1130 854 1207 παρώργισαν
901 1131 1057 1187 αὸτὸν
1108 1131 1192 1188 ἐπὶ
1242 1130 1433 1195 ὕδατος
1478 1130 1813 1209 ἀντιλογίας.
1845 1156 1874 1187 ››

236 1248 302 1263 ’-
349 1217 418 1277 Τὸ
467 1216 520 1274 ἐν
565 1216 759 1293 ἐρήμῳ
800 1216 1015 1291 Κάδδης
1068 1220 1129 1276 ἐκ
1155 1219 1351 1297 πέτρας
1386 1220 1504 1298 ῥυὲν
1555 1217 1701 1297 ὕδωρ
1731 1220 1876 1275 ἀντι-

236 1302 424 1380 λογίας
480 1304 626 1384 ὕδωρ
682 1307 992 1382 ὠνόμασται
1059 1309 1166 1366 ἀπὸ
1237 1313 1338 1379 τῆς
1408 1310 1878 1387 προηγησαμένης

236 1394 545 1472 ἀντιλογίας
574 1397 665 1453 καὶ
693 1397 966 1461 ἀπειθείας
995 1403 1102 1454 τῶν
1132 1396 1409 1459 Ἰουδαίων
1437 1397 1526 1455 ὅτε
1556 1396 1877 1471 διψήσαντες

234 1474 543 1561 ἐγόγγυζον,
592 1486 681 1541 καὶ
735 1486 840 1563 οὐχ
895 1488 1168 1558 ὑπήκουον
1214 1493 1400 1543 Μωσεῖ
1444 1488 1527 1566 ἐφ’
1554 1489 1638 1550 οἷς
1672 1486 1874 1565 ἔλεγεν,

226 1570 377 1628 ἀλλὰ
403 1570 842 1652 διελοιδοροῦντο
876 1574 1090 1649 μᾶλλον
1124 1574 1290 1649 αὐτῷ.

299 1703 329 1731 ι(
359 1681 460 1735 Καὶ
508 1678 753 1752 ἐκακώθη
792 1690 999 1753 Μωσῆς
1054 1680 1124 1738 δι’
1170 1683 1387 1745 αὐτούς.
1422 1706 1452 1735 η
1482 1715 1553 1727 ·-·
1593 1684 1873 1754 Ἐκακώθη

231 1768 377 1844 παρά
423 1773 555 1823 Θεοῦ
597 1771 937 1847 κατακριθεὶς
986 1769 1087 1845 ἔξω
1132 1774 1232 1841 τῆς
1297 1770 1713 1848 ἐπηγγελμένης
1770 1780 1875 1848 γῆς

224 1855 539 1927 ἀποθανεῖν,
570 1858 733 1922 αὐτός
757 1881 817 1915 τε
846 1860 935 1916 καὶ
966 1861 1201 1937 ’Δαρών.

1986 688 2075 743 καὶ
2104 686 2447 743 πιστεύσουσι
2502 691 2580 759 τῷ
2628 689 2843 761 Χριστῷ
2895 684 3089 744 πάντες
3143 680 3194 735 οἱ
3241 676 3493 736 Ἰουδαῖοι
3535 676 3626 733 καὶ

1989 777 2064 838 εἷς
2137 778 2236 846 τήν
2316 776 2439 849 μίαν
2507 776 2595 831 καί
2688 772 2985 841 καθολικὴν
3060 768 3380 841 Ἐκκλησίαν
3463 765 3626 823 αὐτοῦ

1984 864 2506 941 ἐπισυναχθήσονται
2529 863 2619 919 καὶ
2651 862 2821 918 αὐτοί.

2063 978 2084 1006 ι
2118 958 2222 1009 Τοῦ
2271 951 2764 1029 ἐξομολογήσασθαι
2814 952 2893 1024 τῷ
2941 947 3169 1022 ὀνόματί
3218 949 3421 1020 σουτῷ
3464 943 3626 1021 ἀγίῳ,

1983 1047 2081 1098 τοῦ
2109 1041 2471 1119 ἐγωυχᾶσθαι
2503 1041 2555 1097 ἐν
2588 1046 2654 1115 τῇ
2701 1039 2893 1096 αῗνέσει
2944 1059 3059 1094 σου.
3093 1061 3123 1089 ››
3152 1068 3222 1080 -
3266 1036 3419 1110 Μέγα
3456 1030 3625 1097 ὅπως

1986 1131 2251 1208 καύχημα
2277 1132 2340 1186 τὸ
2373 1132 2555 1204 ὑμνεῖν
2585 1131 2676 1185 τὸν
2704 1127 2951 1203 Χριστόν.

2057 1245 2085 1274 ‹‹
2116 1220 2433 1297 Εὐλογητὸς
2465 1219 2679 1294 Κύριος,
2712 1220 2741 1273 6
2772 1218 2900 1280 Θεὸς
2941 1215 3179 1293 Ἰσραήλ,
3231 1214 3337 1269 ἀπὸ
3369 1218 3466 1271 τοῦ
3498 1212 3632 1269 αἰῶ-

1984 1330 2074 1371 νος
2102 1310 2190 1364 καὶ
2217 1307 2322 1371 ἕως
2373 1313 2469 1364 τοῦ
2522 1308 2734 1370 αἰῶνος.
2770 1331 2799 1359 ››
2832 1339 2897 1350 -—
2946 1307 3090 1382 Ἐρεῖ
3131 1303 3218 1371 τὸ,
3253 1326 3281 1357 (ι
3315 1300 3630 1377 Εὐλογητὸς

1985 1398 2200 1475 Κύριος.
2240 1422 2260 1449 ι
2298 1397 2395 1453 Καὶ
2442 1402 2603 1453 τοῦτο
2651 1394 3011 1474 προφητικὸν,
3061 1395 3200 1456 ἅπας
3247 1394 3349 1470 γὰρ
3390 1392 3421 1448 ὁ
3478 1390 3630 1461 λαὸς,

1986 1487 2203 1563 ὕστερον
2238 1487 2422 1562 ὑμνεῖν
2452 1488 2542 1543 τὸν
2577 1488 2785 1556 Ἰησοῦν
2815 1485 2890 1547 ὡς
2922 1483 3079 1542 Θοόν.

2580 1650 2874 1703 Immo}:
2915 1646 3021 1714 pr.

2058 1815 2086 1844 «
2120 1788 2485 1860 Ἀλληλούῖα.
2538 1786 2987 1865 Ἐξομολογεῖσθε
3012 1785 3092 1859 τῷ
3140 1784 3342 1860 Κυρίῳ,
3373 1782 3456 1840 ὅτι
3487 1802 3629 1861 χρη-

1985 1878 2129 1951 στὸς,
2159 1878 2241 1934 ὅτι
2273 1878 2347 1941 εἰς
2375 1879 2466 1935 τὸν
2505 1879 2676 1934 αἰῶνα
2720 1878 2783 1932 τὸ
2828 1872 2982 1938 ἕλεος
3032 1875 3217 1930 αὐτοῦ.
3269 1897 3298 1926 ››
3350 1904 3420 1916 --
3464 1871 3632 1927 Είπά-

300 1968 329 1998 ί(
360 1947 478 2002 Ὅτι
506 1945 906 2044 παρεπίκρθναν
954 1949 1017 2004 τὸ
1060 1954 1274 2022 πνεῦμα
1322 1949 1505 2008 αὐτοῦο
1556 1972 1586 2002 ’³
1619 1982 1684 1992 ⁸-
1722 1948 1880 2043 Ἐλύζ
1911 1972 1959 2037 Β
1988 1989 2162 2025 τωσαν
2195 1968 2278 2024 ὅτι
2303 1967 2566 2044 χρηστὸς,
2599 1966 2683 2022 ὅτι
2713 1966 2789 2029 είς
2817 1967 2908 2021 τὸν
2935 1963 3107 2019 αίῶνα
3133 1962 3195 2018 τὸ
3226 1958 3376 2023 ἔλεος
3408 1961 3592 2017 αὐτοῦ.

224 2055 410 2104 ιπησαν
482 2037 582 2106 τὴν
657 2037 842 2113 ψυχὴν
914 2042 1012 2094 τοῦ
1068 2038 1308 2101 Μωσέως
1376 2038 1732 2115 γογγύζοντες
1783 2037 1876 2094 καί

232 2119 544 2200 ὐϐρίζοντες
595 2124 776 2198 αὐτὸν,
807 2124 898 2181 καί
945 2126 1289 2203 ἀναγκασθεὶς
1340 2127 1455 2182 εἶπε
1501 2125 1878 2213 διστακτικῶς,

216 2235 255 2265 ιι
296 2214 391 2282 ’Μή
441 2212 502 2269 ἐκ
544 2222 643 2284 τῆς
690 2214 888 2292 πέτρας
932 2215 1137 2285 ταύτης
1186 2215 1351 2289 ἐξάξω
1402 2217 1529 2290 ὑμῖν
1575 2214 1724 2293 ὕδωρ
1783 2236 1798 2286 ;
1846 2212 1875 2269 ’5

297 2323 319 2349 σι
350 2299 447 2354 Καὶ
475 2297 762 2358 διέστειλεν
813 2301 865 2358 ἐν
915 2308 1033 2366 τοῖς
1078 2301 1321 2379 χείλεσιν
1365 2303 1550 2362 αὐτοῦ.
1608 2328 1630 2356 ιι
1664 2336 1733 2349 -
1772 2305 1872 2361 Τὸν

215 2389 461 2451 Μωσέως
492 2389 542 2463 ἐξ
574 2389 869 2467 ὀλιγωρίας
919 2390 1083 2469 λόγον
1135 2389 1224 2447 διὰ
1266 2397 1361 2447 τοῦ
1406 2389 1696 2450 διέστειλεν
1744 2392 1874 2464 ἤτοι

218 2474 401 2551 ἤνοιξε
442 2480 511 2533 τὰ
557 2478 724 2555 χείλη
775 2478 941 2536 αὐτοῦ
995 2480 1256 2559 εὐφήμως
1307 2479 1582 2552 ἐδήλωσεν
1629 2483 1658 2537 6
1687 2481 1871 2540 Δαυΐδ.

218 2566 372 2629 Τινὲς
428 2563 485 2622 δὲ
536 2568 601 2623 τὸ
662 2565 952 2625 διέστειλεν
1006 2569 1124 2626 ἀντὶ
1184 2574 1282 2625 τοῦ
1341 2568 1693 2634 διστακτικῶς
1752 2570 1877 2628 ἐλά-

218 2652 358 2725 λησε
412 2658 727 2727 νενοήκασιν
758 2699 773 2714 .
832 2657 987 2713 Οὕτω
1057 2655 1114 2714 δὲ
1187 2658 1251 2714 τὸ
1324 2658 1375 2714 ἐν
1451 2665 1568 2723 τοῖς
1633 2660 1873 2737 χείλεσιν

225 2738 369 2798 ἔσται
417 2744 535 2800 ἀντὶ
586 2749 682 2801 τοῦ
728 2742 818 2801 διὰ
861 2751 968 2801 τῶν
1019 2744 1273 2823 χειλέων.
1320 2745 1445 2804 Οίδε
1492 2746 1550 2805 δὲ
1596 2751 1632 2819 ἡ
1665 2750 1871 2808 παλαιά

231 2834 418 2911 Γραφή
475 2833 590 2888 ἀντὶ
640 2838 737 2889 τοῦ
786 2836 973 2896 ἁπλῶς
1021 2837 1255 2911 χρᾶσθαι
1306 2834 1479 2913 λέγειν
1529 2838 1590 2891 τὸ
1621 2835 1866 2894 διαστέλ-

230 2918 261 2976 λ
269 2924 412 2978 εσθαι
422 2965 436 2979 .

436 3012 450 3029 \
990 3018 1014 3029 υ
1102 3012 1127 3034 ,Ι
1459 3014 1473 3031 δ
1550 3011 1576 3035 ,Ι
1846 3018 1859 3035 κ

290 3034 319 3063 ιι
354 3017 453 3066 Και
511 3011 774 3088 ἐμίγησαν
826 3011 877 3066 ἐν
922 3034 1040 3075 τοις
1100 3024 1271 3079 εθνεσι
1314 3061 1329 3086 ,
1386 3035 1476 3069 και
1550 3017 1745 3089 εμαθον
1803 3037 1868 3072 τα

225 3096 354 3176 ἔργα
381 3100 574 3156 αὐτῶν.
609 3123 639 3152 ››
670 3133 739 3143 —
767 3101 940 3176 Ἔργα
965 3103 1033 3155 τὰ
1060 3102 1350 3177 παράνομα
1377 3103 1466 3157 καὶ
1496 3098 1686 3173 ἀσεϐῆ.

290 3212 320 3242 ‹‹
354 3190 453 3244 Καὶ
501 3186 823 3245 ἐδούλευσαν
869 3195 987 3252 τοῖς
1033 3188 1297 3266 γλυπτοῖς
1346 3190 1520 3246 αὐτῶν
1550 3211 1563 3224 ’
1615 3192 1705 3247 καὶ
1753 3192 1864 3269 ἐγε-

215 3279 350 3348 νήθη
382 3277 568 3339 αὐτοῖς
616 3277 694 3340 εἰς
744 3274 1065 3335 σκάνδαλον.
1097 3301 1126 3330 »
1177 3311 1247 3322 -ι
1292 3280 1362 3334 Τὸ
1411 3276 1695 3334 δουλεῦσαι
1744 3285 1861 3343 τοῖς

208 3366 481 3441 γλυπτοῖς
512 3366 718 3443 ἐγένετο
763 3371 879 3430 τοῖς
927 3363 1212 3430 Ἰουδαίοις
1262 3367 1338 3431 εἰς
1384 3366 1724 3444 πρόσκομμα
1769 3369 1859 3424 καὶ

212 3460 436 3512 πτῶσιν.

290 3571 311 3597 ι
346 3545 445 3600 Καὶ
503 3544 907 3624 ἐφονοκτονήθη
958 3548 994 3615 ἡ
1054 3552 1126 3621 γῆ
1185 3544 1236 3601 ἐν
1296 3551 1411 3609 τοῖς
1470 3544 1682 3620 α’ίμασι.
1732 3570 1859 3599 »-

213 3633 313 3689 Καὶ
346 3632 594 3705 ἐπλήσθη
630 3632 681 3705 ἐξ
728 3632 1100 3697 ἀποκτάνσεως
1147 3632 1273 3705 ἤτοι
1324 3642 1533 3713 σφαγῆς
1562 3638 1596 3705 ἠ
1646 3642 1717 3711 γῆ
1770 3634 1859 3691 διὰ

209 3727 318 3778 τῶν
370 3723 616 3797 αἱμάτων
669 3722 759 3777 καὶ
834 3720 1110 3796 ἐμολύνθη
1187 3720 1277 3777 διὰ
1328 3729 1435 3779 τῶν
1511 3725 1709 3780 θυσιῶν
1766 3725 1855 3793 καὶ

210 3812 634 3888 αἰσχρουργιῶν.

286 3923 314 3953 α
345 3901 445 3956 Καὶ
494 3900 815 3975 ἐπόρνευσαν
866 3899 918 3956 ἐν
968 3907 1082 3963 τοῖς
1127 3898 1546 3975 ἐπιτηδεύμασιν
1597 3902 1791 3960 αὐτῶν.
1820 3925 1848 3958 ι

212 4022 282 4033 -
338 3990 694 4053 Ἀποστάντες
747 3989 849 4066 γὰρ
900 3994 997 4044 τοῦ
1071 3994 1206 4046 Θεοῦ
1283 3989 1662 4062 ἐκολλήθησαν
1737 3999 1853 4056 τοῖς

215 4076 460 4153 δαίμοσι,
518 4076 588 4134 δι’
648 4080 722 4133 ὧν
784 4077 1097 4155 εἰργάζοντο
1155 4076 1596 4156 είδωλολατριῶν
1647 4102 1709 4136 τε
1763 4082 1853 4137 καὶ

203 4167 524 4245 ἀσελγειῶν.

279 4281 308 4309 ι(
341 4256 636 4320 Πλεονάκις
663 4256 923 4334 ἐρῥύσατο
948 4256 1165 4321 αὐτούς.
1188 4257 1355 4315 Αὐτοὶ
1377 4256 1436 4313 δὲ
1455 4257 1855 4337 παρεπίκραναν

204 4345 364 4402 αὐτὸν
398 4345 449 4401 ἐν
591 4344 767 4423 βουλῇ
815 4345 1012 4405 αὐτῶν,
1044 4369 1073 4399 ››
1107 4380 1176 4389 -
1211 4348 1295 4402 Ἐν
1338 4351 1407 4422 τῇ
1454 4348 1648 4424 γνώμῃ
1676 4348 1851 4405 αὐτῶν

314 4434 595 4511 ἀχαρίστῳ
623 4434 712 4490 καὶ
741 4440 977 4512 πονηρᾷ.

279 4547 308 4576 ‹‹
342 4525 440 4579 Καὶ
469 4522 895 4595 ἐταπεινώθησαν
946 4522 998 4580 ἐν
1042 4528 1160 4585 ταῖς
1209 4524 1455 4597 ἀνομίαις
1498 4525 1691 4584 αὐτῶν.
1729 4550 1751 4578 ι
1785 4561 1853 4570 -

205 4613 678 4684 Κατεπτοήθησαν,
700 4611 995 4683 ἠσθένησαν
1027 4611 1078 4667 ἐν
1107 4600 1191 4686 τῷ
1212 4613 1281 4668 τὰ
1307 4610 1485 4687 ἄνομα
1522 4611 1673 4691 δρᾷν.

2063 2080 2091 2109 ι(
2120 2056 2434 2113 Εὶπάτωσαν
2484 2057 2541 2111 οἱ
2613 2052 3015 2131 λελυτρωμένοι
3075 2053 3177 2109 ὑπὸ
3231 2049 3429 2125 Κυρίου
3462 2094 3477 2121 ,
3535 2049 3629 2113 οὓς

1988 2144 2327 2223 ἐλυτρώσατο
2359 2144 2419 2202 ἐκ
2455 2145 2640 2223 χειρὸς
2682 2144 2902 2220 ἐχθροῦ.
2949 2166 2977 2194 ››
3008 2174 3079 2184 -
3124 2140 3351 2217 Ἐχθρὸν
3401 2138 3624 2209 νοητέον

1983 2236 2072 2289 τὸν
2106 2230 2382 2290 διάϐολοψ
2431 2234 2556 2311 περὶ
2601 2234 2703 2311 γὰρ
2749 2233 2841 2288 τὸν
2889 2231 3116 2308 Χριστὸν
3166 2228 3561 2284 πιστευσάντων
3595 2228 3623 2284 6

1982 2322 2149 2399 λόγος
2160 2370 2171 2382 .

2055 2437 2083 2466 ‹‹
2118 2414 2216 2469 Καὶ
2264 2412 2323 2469 ἐκ
2366 2416 2473 2468 τῶν
2527 2417 2726 2489 χωρῶν
2778 2411 3070 2486 συνήγαγεν
3116 2406 3333 2470 αὐτούς.
3365 2429 3394 2459 ››
3425 2438 3494 2449 —-
3534 2412 3627 2464 Ἐκ

1981 2506 2086 2557 τῶν
2119 2500 2336 2557 ἐθνικῶν
2369 2505 2569 2579 χωρῶν
2599 2500 2675 2563 εἰς
2711 2499 2836 2573 μίαν
2864 2496 3191 2567 Ἐκκλησίαν
3216 2496 3307 2552 καὶ
3335 2494 3538 2553 πίστιν.

2055 2591 2249 2649 «Ἀπὸ
2298 2588 2575 2646 ἀνατολῶν
2618 2588 2707 2644 καὶ
2759 2585 2976 2661 δυσμῶν
3027 2585 3117 2641 καί
3164 2585 3347 2662 Βορῥᾶ
3390 2585 3480 2640 καὶ
3529 2595 3621 2652 θα-

1981 2676 2206 2751 λάσσης.
2260 2702 2288 2731 ››
2342 2713 2411 2722 -
2451 2680 2545 2736 Ἐκ
2587 2682 2692 2734 τῶν
2744 2677 3014 2752 τεσσάρων
3068 2676 3171 2750 γὰρ
3228 2674 3472 2749 περάτων
3522 2677 3621 2730 τοῦ

1979 2767 2190 2840 κόσμου
2222 2770 2588 2844 συνήχθησαν.

2050 2880 2078 2907 ‹‹
2111 2854 2524 2927 Ἐπλανήθησαν
2586 2854 2637 2910 ἐν
2695 2857 2762 2928 τῇ
2819 2852 3011 2930 ἐρήμῳ
3070 2850 3121 2907 ἐν
3182 2848 3413 2926 ἀνύδρῳ.
3476 2875 3498 2905 ι
3548 2882 3621 2893 -

1976 2942 2385 3017 Ἐπλανήθησαν
2444 2943 2706 3020 πρότερον
2766 2942 2818 2998 ἐν
2874 2940 2944 3017 τῇ
3000 2938 3255 3013 πολιτείᾳ
3306 2943 3376 3014 τῇ
3427 2938 3620 3015 ἐρήμῳ

1975 3039 2194 3108 καρπῶν
2252 3034 2466 3110 ἀρετῆς,
2524 3032 2614 3088 καὶ
2666 3033 2741 3106 μή
2802 3030 3003 3108 ἐχούσῃ
3058 3029 3211 3104 πόμα
3263 3028 3406 3091 θείας
3460 3025 3615 3084 διδα-

1974 3120 2219 3184 σκαλίας.

2047 3235 2075 3261 ‹‹
2103 3209 2251 3267 Ὀδὸν
2311 3208 2524 3272 πόλεως
2566 3206 2992 3283 κατοικητηρίου
3068 3206 3176 3283 οὐχ
3227 3205 3404 3281 εὐρον.
3460 3229 3489 3258 ››
3548 3237 3619 3248 —-

1974 3299 2408 3377 Κατοικητηρίου
2460 3297 2624 3361 πόλις
2682 3300 2709 3354 6
2765 3292 2991 3374 οὐρανός
3025 3314 3039 3329 ⁸
3100 3297 3128 3351 6
3201 3294 3303 3371 γὰρ
3379 3292 3614 3371 ἐπίγειος

1972 3389 2177 3462 κόσμος
2235 3390 2373 3451 ἅπας
2428 3387 2686 3461 παροικία
2742 3386 2903 3442 ἐστίν.
2961 3389 3023 3441 Ἦ
3081 3382 3140 3440 δὲ
3197 3385 3333 3461 πρὸς
3387 3382 3607 3460 οὐρανὸν

1968 3478 2172 3553 ἄγουσα
2205 3474 2329 3541 όδὸς
2358 3480 2393 3548 ἡ
2428 3477 2564 3553 ὀρθή
2595 3476 2774 3539 πίστις
2808 3477 2942 3549 μετὰ
2969 3479 3079 3530 τῶν
3108 3473 3332 3550 ἀρετῶν.

2041 3591 2070 3619 ‹‹
2102 3572 2391 3630 Πεινῶντες
2420 3567 2509 3621 καὶ
2542 3563 2822 3640 διψῶντες,
2854 3566 2889 3634 ἡ
2918 3565 3070 3639 ψυχὴ
3120 3562 3293 3617 αὐτῶν
3343 3560 3394 3617 ἐν
3428 3558 3610 3623 αὐτοῖς

1967 3653 2229 3726 ἐξέλιπεν.
2263 3680 2290 3706 ››
2321 3688 2390 3697 -
2418 3657 2584 3710 Ἦσαν
2636 3650 2916 3724 δηλονότιο
2979 3651 3078 3706 οὐκ
3133 3650 3282 3726 εἶχον
3339 3650 3441 3727 γὰρ
3487 3661 3606 3713 θεο-

1966 3744 2198 3819 γνωσίαν
2256 3743 2291 3814 ἢ
2353 3740 2699 3800 διδασκαλίαν
2771 3741 3065 3820 τρέφουσαν
3134 3739 3225 3795 καὶ
3288 3738 3609 3809 ποτίζουσαν

1967 3834 2166 3909 ψυχάς·
2220 3832 2282 3889 τὸ
2336 3829 2394 3887 δὲ
2451 3830 2662 3904 ἐξέλιπε
2717 3828 2884 3901 δηλοῖ
2938 3830 3001 3884 τὸ
3055 3828 3317 3900 ἠτόνησεν
3363 3826 3519 3903 ἄγαν,
3552 3826 3613 3883 ἐκ

1963 3928 2063 3990 τῆς
2093 3923 2209 3977 καθ’
2240 3915 2554 3997 ὑπερϐολῆς
2605 3917 2818 3991 δηλαδή
2868 3918 3056 3990 πείνης
3105 3919 3195 3974 καὶ
3243 3916 3404 3992 δίψης
3455 3938 3611 3974 πνευ-

1968 4016 2225 4082 ματικῆς.

2039 4121 2068 4149 ‹‹
2124 4099 2223 4154 Καὶ
2278 4097 2561 4174 ἐκέκραξαν
2636 4098 2771 4175 πρὸς
2842 4095 3037 4173 Κύριον
3094 4095 3146 4151 ἐν
3197 4095 3277 4168 τῷ
3331 4089 3605 4151 θλίϐεσθαι

1963 4186 2180 4250 αὐτούς.
2211 4213 2239 4241 ››
2273 4221 2342 4229 -
2371 4187 2688 4264 Ἐκέκραξαν
2722 4188 2774 4241 οἱ
2798 4192 3073 4264 προφῆται
3107 4185 3240 4260 ὑπὲρ
3285 4182 3482 4256 αὐτῶν,
3515 4182 3606 4240 καὶ

1966 4277 2018 4331 οἱ
2048 4277 2182 4331 θεῖοι
2214 4272 2441 4352 ἄγγελοι
2473 4277 2525 4331 οἱ
2555 4275 2950 4352 προεστηκότες
2978 4278 3085 4330 τῶν
3115 4272 3301 4328 ἐθνῶν.

2036 4389 2064 4418 ι(
2096 4366 2196 4420 Καὶ
2226 4364 2287 4421 ἐκ
2312 4369 2418 4420 τῶν
2451 4366 2696 4440 ἀναγκῶν
2726 4363 2901 4420 αὐτῶν
2930 4362 3187 4440 ἐρῥύσατο
3225 4357 3441 4423 αὐτούς.
3476 4383 3504 4412 ››
3536 4392 3606 4402 --

1963 4455 2058 4510 Ἐκ
2082 4459 2191 4510 τῶν
2220 4452 2546 4528 δαιμονικῶν
2578 4451 2927 4529 τυραννίδων.

2038 4543 2194 4598 «Καὶ
2225 4540 2506 4619 ὡδήγησεν
2554 4541 2749 4604 αὐτοὺς
2795 4540 2871 4604 εἰς
2924 4538 3046 4599 ὁδὸν
3095 4539 3319 4603 εὐθεῖανο
3366 4539 3464 4593 τοῦ
3502 4556 3605 4591 πο-

1965 4638 2217 4709 ρευθῆναι
2249 4631 2324 4694 είς
2357 4629 2519 4686 πόλιν
2568 4629 3013 4706 κατοικητηρίου.
3068 4652 3097 4680 ››
3142 4659 3212 4670 -
3255 4626 3361 4695 Τὴν
3408 4619 3601 4695 εὐσεϐῆ

279 4744 309 4773 (ί
341 4720 442 4774 Καὶ
485 4718 729 4793 ἐμνήσθη
776 4724 877 4788 τῆς
924 4715 1186 4790 διαθήκης
1235 4718 1435 4774 αὐτοῦ·
1484 4720 1575 4775 καὶ
1625 4741 1852 4796 μετεμε-
1885 4710 1930 4775 D
1958 4721 2049 4776 καὶ
2080 4721 2323 4797 ἐνάρετον
2381 4718 2657 4796 διαγωγὴν
2712 4721 2811 4788 τὴν
2873 4718 3101 4796 ἄγουσαν
3157 4715 3232 4778 εἰς
3288 4714 3379 4770 τὸν
3438 4711 3599 4789 οὐρα-

207 4808 357 4880 λήθη
407 4808 544 4864 κατὰ
588 4808 649 4862 τὸ
704 4805 921 4878 πλῆθος
970 4810 1069 4861 τοῦ
1115 4805 1303 4870 ἐλέους
1345 4806 1528 4867 αὐτοῦ.
1573 4842 1643 4852 -
1684 4810 1849 4866 Μετὲ-

192 4892 344 4953 ’6αλε
371 4898 471 4967 τὴν
506 4895 676 4973 ὀργὴν
704 4895 783 4958 εἰς
814 4895 1009 4968 οἶκτον,
1047 4895 1121 4958 ὠς
1152 4894 1473 4960 πολυέλεος.

276 5009 306 5040 ‹‹
338 4987 437 5051 Καὶ
470 4982 666 5055 ἔδωκεν
713 4983 907 5047 αὐτοὺς
958 4983 1036 5047 εἷς
1084 4984 1426 5062 οἱκτιρμούς.
1479 5009 1509 5038 ››
1545 4987 1847 5062 Τουτέστιν,

198 5071 456 5152 ᾤκτειρεν
487 5073 700 5137 αὐτούς.

273 5187 302 5216 ‹‹
332 5162 600 5219 Ἐναντίον
658 5162 872 5219 πάντων
943 5166 1051 5217 τῶν
1114 5160 1678 5239 αἰχμαλωτευσάντων
1736 5166 1800 5221 αὐ
1829 5199 1852 5210 -

182 5252 349 5315 ¹τούς.
383 5275 412 5304 ››
442 5284 513 5295 -
541 5255 857 5330 Περιφανῶς
889 5249 1027 5306 ὥστε
1053 5249 1254 5314 πάντας
1299 5256 1477 5322 τοῦτο,
1495 5259 1681 5327 μαθεῖν
1720 5254 1850 5318 τοὺς

194 5339 753 5419 αἱχμαλωτεύσαντας
810 5340 1004 5404 αὐτούς
1039 5360 1051 5374 ⁸
1111 5342 1188 5405 ὡς
1246 5339 1477 5421 διάφορα
1540 5344 1641 5421 γὰρ
1698 5342 1846 5416 ἔθνη,

192 5430 392 5494 αὐτοὺς
421 5429 877 5507 ᾐχμαλώτευσεν.
1472 5454 1475 5457 ·

269 5543 299 5573 cc
333 5524 518 5576 Σῶσον
550 5522 721 5593 ἡμᾶς,
771 5517 935 5594 Κύριε
982 5520 1010 5575 6
1056 5520 1189 5583 Θεὸς
1218 5523 1421 5593 ἡμῶν,
1468 5523 1558 5577 καὶ
1602 5520 1849 5577 ἐπισυνά-

182 5629 326 5686 .γαγε
374 5612 522 5684 ἡμᾶς
575 5607 636 5665 ἐκ
688 5612 794 5664 τῶν
854 5606 1037 5666 ἐθνῶν.
1099 5632 1128 5662 ››
1173 5642 1242 5653 -
1288 5610 1382 5673 Εἰς
1414 5611 1532 5680 ίτήν
1580 5610 1842 5688 προτέραν

186 5697 402 5755 ιὶκεσίαν
433 5695 754 5773 ἀνέδραμεν.
811 5698 971 5767 ’ίΕθνη
1022 5694 1083 5752 δὲ
1130 5696 1276 5774 λέγει
1322 5701 1389 5754 τὰ
1436 5697 1741 5776 παράνομα,
1791 5699 1841 5755 ἐν

176 5787 282 5848 ,οἷς
339 5784 594 5843 Ἰουδαῖοι
670 5782 1031 5862 διεσπάρησαν
1104 5786 1241 5860 μετὰ
1309 5789 1407 5857 τὴν
1480 5786 1556 5851 εἰς
1610 5789 1840 5866 Χριστὸν

1956 4809 2043 4865 νόν
2055 4854 2067 4866 .

2032 4924 2061 4951 ‹‹
2091 4896 2709 4974 Ἐξομολογησάσθωσαν
2766 4900 2845 4969 τῷ
2900 4894 3079 4971 Κυρίῳ
3134 4893 3202 4950 τὰ
3246 4889 3372 4962 ἐλέη
3413 4888 3603 4958 αὐτοῦ,

1957 4988 2047 5044 καὶ
2102 4989 2170 5045 τὰ
2220 4988 2491 5059 θαυμάσια
2538 4985 2702 5042 αὐτοῦ
2759 4986 2898 5047 υἱοῖς
2944 4989 3051 5040 τῶν
3100 4982 3421 5058 ἀνθρώπων.
3472 5004 3502 5033 ››
3536 5006 3600 5027 ==

1958 5076 2030 5133 T6
2083 5074 2667 5153 ἐξομολογησάσθωσαν
2745 5071 2851 5130 ῶδε
2926 5070 3093 5144 δηλοῖ
3145 5070 3207 5125 τὸ
3263 5066 3546 5147 ἐξαγγειλά
3576 5101 3600 5111 -

1956 5185 2151 5223 τωσαν.

2033 5279 2061 5307 ‹‹
2092 5258 2212 5311 ’Ότι
2241 5249 2505 5330 ἐχόρτασε
2528 5253 2711 5329 ψυχὴν
2745 5252 2929 5324 κενήν,
2978 5252 3069 5307 καὶ
3116 5249 3302 5326 ψυχὴν
3334 5251 3598 5321 πεινιῖἓραν

1958 5341 2250 5414 ἐνέπλησεν
2282 5343 2521 5420 ἀγαθοῖς.
2554 5366 2583 5394 ››
2615 5373 2684 5383 -
2724 5343 2893 5412 Κενήν
2923 5361 3054 5415 φησι
3086 5340 3187 5409 τὴν
3238 5336 3601 5415 ἐστερημένην

1954 5436 2160 5512 τροφῆς
2190 5432 2280 5489 καὶ
2311 5432 2544 5503 πόσεως,
2576 5432 2946 5503 πνευματικῆς
2978 5426 3216 5500 δηλαδή.

2028 5547 2056 5574 ‹‹
2092 5519 2437 5595 Καθημένους
2491 5518 2542 5575 ἐν
2602 5518 2778 5574 σκότει
2834 5518 2923 5574 καὶ
2982 5523 3104 5589 σκιᾷ
3161 5516 3409 5581 θανάτου.
3461 5540 3489 5568 ››
3531 5548 3602 5558 -

1956 5611 2160 5675 Σκότος
2215 5609 2306 5666 καὶ
2362 5608 2453 5681 νὺξ
2510 5606 2734 5674 θανάτου
2790 5611 3028 5685 ψυχικοῦ
3080 5609 3114 5672 ἡ
3174 5608 3363 5682 ἄγνοια
3415 5603 3505 5660 καὶ
3562 5606 3597 5675 ἡ

1953 5700 2173 5757 ἀπισσία
2200 5700 2333 5777 πρὸς
2359 5697 2485 5755 Θεόν
2497 5742 2510 5755 .

2024 5816 2053 5844 ‹‹
2087 5787 2297 5861 Πεπεδη
2312 5789 2504 5863 μένους
2536 5787 2587 5843 ἐν
2639 5785 2886 5864 πτωχείᾳ
2928 5786 3016 5842 καὶ
3050 5783 3281 5862 σιδήρῳ.
3322 5807 3351 5836 ››
3383 5815 3454 5827 --
3481 5786 3599 5840 τῶν
