3998 6428
205 417 362 488 1569

1417 420 1834 488 EXPOSITIO
1878 421 1954 488 ΙΝ
2000 418 2378 489 PSALMOS.

3434 416 3591 486 1570

205 554 442 631 θλίψεως
507 558 612 610 τῶν
674 558 1010 632 πειρασμῶν,
1060 556 1149 612 καὶ
1204 557 1303 626 τήν
1360 555 1592 612 ἐντεῦθεν
1651 554 1846 627 ὀδύνης
1874 560 1928 627 Α
1955 556 2159 613 πλάνον
2226 555 2623 617 ἀποκαλοῦντες
2690 548 2779 608 καὶ
2844 551 3178 628 παράνομον,
3246 554 3499 612 ἀντίθεον.

202 648 462 702 κάκωσιν.

275 759 304 787 ‹‹
335 731 599 810 Ἐξεχύθη
633 732 977 808 ἐξουδένωσις
1028 733 1111 790 ἐπ’
1156 735 1426 811 ἄρχοντας
1482 734 1677 791 αὐτῶν.
1712 759 1741 787 ››
1772 767 1842 778 —-

204 822 267 879 Οἶ
314 822 708 894 ἐξουσιάζοντες
753 823 927 879 αὐτῶν
970 824 1024 878 οἱ
1057 823 1299 900 βασιλεῖς
1330 826 1469 898 ὁμοῦ
1498 824 1588 878 καὶ
1618 821 1841 879 διῶκται

204 909 631 985 ἐξουδενώθησαν
657 913 803 990 παρά
828 917 927 968 τοῦ
956 916 1090 968 Θεοῦ
1120 913 1195 975 ὡς
1226 913 1463 989 ἀχρεῖοι.

277 1024 307 1055 ι(
337 1001 434 1056 Καὶ
483 999 780 1073 ἐπλάνησεν
831 999 1028 1064 αὐτοὺς
1084 1000 1135 1056 ἐν
1176 996 1360 1075 ἀϐάτῳ
1388 1001 1477 1056 καὶ
1513 1001 1618 1077 οὐχ
1648 999 1777 1073 ὁδῷ.
1810 1024 1840 1053 ››

203 1087 647 1160 -Πλανηθῆναι
691 1089 1083 1167 παρεχώρησεν
1131 1088 1325 1151 αὐτοὺς
1374 1088 1423 1145 ἐν
1470 1094 1587 1152 τοῖς
1630 1084 1841 1145 ἀσεϐέσι

205 1175 466 1254 δόγμασιν
498 1178 572 1241 ὡς
604 1177 875 1241 ἀνιάτους.

275 1290 305 1320 ‹‹
338 1266 436 1323 Καὶ
470 1261 739 1339 ἐϐοήθησε
784 1266 974 1338 πένητι
1024 1267 1083 1323 ἐκ
1126 1266 1425 1343 πτωχείας,
1471 1291 1499 1320 ››
1548 1300 1617 1310 -
1652 1272 1739 1340 Τῷ
1785 1267 1845 1323 ἐκ

204 1354 477 1432 πτωχείας
504 1362 603 1425 τῆς
636 1352 728 1411 διὰ
753 1356 978 1431 Χριστὸν
1004 1357 1196 1427 πένητι
1229 1354 1367 1429 λαῷ.

280 1468 310 1498 (ι
339 1444 438 1500 Kal
488 1442 636 1500 ἔθετο
683 1445 758 1507 ὡς
800 1440 1047 1522 πρόϐατα
1110 1444 1359 1522 πατριάς.
1414 1468 1442 1497 ››
1491 1478 1559 1487 --
1605 1445 1843 1523 Πατριάς

205 1531 329 1603 ἤτοι
360 1532 535 1613 φυλάς
566 1533 819 1608 ὀνομάζει
849 1534 916 1589 τὰ
946 1537 1263 1608 συστήματα
1298 1539 1404 1591 τῶν
1454 1536 1589 1590 κατά
1641 1534 1842 1598 τόπους

205 1620 531 1695 ἐκκλησιῶν.
589 1625 658 1681 Ἃ
721 1620 868 1679 ἔθετο
929 1625 958 1679 6
1024 1623 1242 1700 Κύριος,
1306 1620 1479 1679 εἶ’τοον
1534 1622 1708 1695 ἔταξεν
1767 1624 1843 1687 ὡς

207 1710 380 1769 οῗκεία
414 1707 678 1789 πρόϐατα,
711 1711 847 1768 ὥστε
894 1712 1202 1786 ποιμαίνειν
1250 1717 1417 1768 ταῦτα
1466 1712 1556 1768 καὶ
1605 1711 1842 1790 ὁδηγεῖν.

206 1802 441 1875 Πατριὰς
486 1798 544 1856 δὲ
592 1801 735 1857 εἶπεν
785 1800 921 1857 αὐτὰ
967 1799 1056 1857 διὰ
1098 1802 1198 1871 τήν
1251 1800 1309 1857 ἐκ
1353 1800 1586 1865 πίστεως
1656 1802 1843 1878 συγγέ-

205 1911 349 1945 νειαν
380 1887 576 1967 ἔχοντα
603 1891 814 1967 Πατέρα
841 1887 933 1946 ἕνα
957 1891 1048 1946 τὸν
1081 1890 1232 1947 Θεόν.

279 2005 307 2033 ‹‹
340 1979 596 2054 Ὄψονται
640 1980 813 2044 εὖθεῖς
859 1979 949 2035 καὶ
1013 1978 1485 2058 εὐφρανθήσονται.
1525 2004 1546 2030 1
1599 2013 1669 2025 -.
1710 1978 1844 2035 Θεά-

204 2089 385 2124 σονται
446 2066 804 2143 πληρούμενα
867 2069 935 2123 τὰ
998 2066 1107 2139 ἤδη
1152 2069 1587 2147 προφητευθέντα
1643 2069 1694 2123 οἱ
1741 2071 1840 2138 τήν

207 2156 408 2213 εὐθεῖαν
446 2153 722 2219 ὁδεύοντες
753 2151 966 2219 ἀσεϐεῖς
993 2157 1083 2212 καὶ
1114 2160 1471 2234 χαρήσονται.

278 2270 308 2299 ‹‹
338 2245 439 2302 Καὶ
486 2250 632 2300 πᾶσα
678 2244 877 2318 ἀνομία
934 2244 1188 2324 ἐμφράξει
1238 2245 1413 2319 στόμα
1465 2246 1649 2303 αὐτοῦ.
1696 2272 1724 2299 ››
1774 2278 1844 2287 --

207 2334 463 2408 ’Δνομίαν
492 2332 635 2410 λέγει
664 2333 793 2397 τοὺς
822 2335 1060 2408 ἀνόμους
1086 2334 1174 2389 καὶ
1204 2329 1436 2398 ἀσεϐεῖς.

280 2446 309 2474 (ι
337 2422 427 2486 Τίς
476 2424 640 2501 σοφὸς
678 2423 768 2478 καὶ
813 2423 1032 2502 φυλάξει
1070 2428 1272 2494 ταῦτα;
1307 2447 1337 2476 ››
1369 2457 1436 2468 -
1465 2427 1845 2501 Παρατηρήσει

206 2516 374 2569 ταῦτα
402 2511 667 2567 πιστεύων
701 2510 783 2567 ὅτι
816 2513 1158 2587 γενήσονται.

280 2625 309 2654 ‹‹
341 2600 443 2658 Καὶ
472 2603 758 2672 συνήσουσι
788 2601 857 2655 τὰ
886 2599 1011 2671 ἐλέη
1044 2604 1141 2654 τοῦ
1189 2600 1408 2677 Κυρίου.
1442 2625 1473 2653 ››
1503 2634 1572 2643 -
1594 2602 1848 2656 Γνώσον-

204 2710 295 2746 ται
322 2693 490 2775 ταῦτα
519 2686 644 2744 ὅταν
686 2686 896 2745 λάϐωσι
926 2689 1117 2764 πέρας.

799 2797 1092 2851 ΨΑΛΜΟΣ
1133 2796 1242 2852 PZ'.

281 2908 311 2937 (ι
342 2881 474 2963 ’ῼδὴ
503 2882 727 2957 ψαλμοῦ
770 2887 851 2955 τῷ
881 2881 1063 2939 Δαυΐδ.
1115 2884 1343 2958 Ἐτοίμη
1388 2887 1424 2955 ἡ
1473 2883 1667 2962 καρδία
1717 2906 1842 2959 μου,

210 2974 238 3028 6
287 2974 436 3041 Θεὸς,
492 2971 686 3046 ἑτοίμη
736 2974 772 3042 ἡ
827 2970 1020 3048 καρδία
1091 2992 1212 3046 μου·
1263 2971 1461 3047 ᾄσομαι
1526 2973 1616 3028 καὶ
1684 2973 1845 3048 ψαλῶ

210 3061 262 3117 ἐν
290 3065 361 3136 τῇ
394 3058 519 3135 δόξῃ
553 3082 676 3135 μου.
695 3085 805 3113 ι-
823 3066 999 3117 Ταῦτα
1024 3061 1114 3116 καὶ
1147 3060 1199 3116 ἐν
1230 3062 1311 3133 τῷ
1339 3064 1416 3141 νς
1446 3061 1653 3136 ψαλμῷ
1683 3062 1841 3139 ῥητά.

283 3174 311 3202 ‹‹
338 3153 519 3212 Ὃπως
569 3148 627 3204 ἂν
681 3149 942 3227 ῥυσθῶσιν
976 3151 1028 3205 οἱ
1060 3150 1333 3225 ἀγαπητοί
1370 3171 1484 3205 σου.
1520 3175 1548 3202 ››
1579 3185 1647 3194 -
1678 3152 1843 3227 Ἀγα-

206 3239 371 3310 πητοὶ
402 3238 526 3316 περὶ
551 3237 624 3294 ὧν
655 3238 787 3317 φησὶ
814 3240 877 3294 τὸ
925 3238 1273 3315 Εὗαγγέλιον·
1309 3264 1338 3293 ‹‹
1389 3241 1695 3315 ’Δγαπήσας
1741 3240 1842 3315 γὰρ

204 3328 330 3391 τοὺς
382 3324 553 3390 ἰδίους
600 3326 652 3381 ἐν
695 3331 774 3400 τῷ
817 3326 1011 3401 κόσμῳ
1058 3327 1136 3390 εἷς
1177 3326 1336 3390 τέλος
1401 3329 1679 3404 ἠγάπησεν
1744 3326 1839 3382 αύ-

204 3416 355 3480 τούς·
376 3441 405 3469 ››
432 3416 501 3472 τὰ
530 3413 587 3471 δὲ
615 3414 783 3471 λοιπὰ
810 3416 878 3471 τὰ
904 3418 1021 3471 καθ’
1045 3417 1168 3487 ἑξῆς
1197 3417 1287 3472 καὶ
1318 3416 1369 3472 ἐν
1401 3421 1480 3489 τῷ
1508 3417 1583 3471 νθ¹
1611 3417 1840 3491 ψαλμῷ.

792 3528 1086 3578 ΨΑΛΜΟΣ
1137 3527 1258 3581 PH'.

282 3636 310 3664 «
341 3611 431 3674 Εἷς
462 3611 525 3666 τὸ
552 3609 711 3673 τέλος
741 3610 960 3685 ψαλμὸς
985 3614 1065 3684 τῷ
1094 3609 1276 3668 Δαυΐδ.
1313 3611 1464 3686 Θεὸς,
1494 3613 1593 3681 τὴν
1652 3609 1847 3667 αἶ’νεσίν

212 3721 316 3774 μου
368 3701 443 3774 μή
494 3701 943 3777 παρασιωπήσῃς.
999 3724 1020 3751 ι
1071 3733 1141 3743 -
1185 3706 1292 3771 Τῆς
1344 3700 1684 3778 ἀνθρωπίνης
1742 3700 1840 3778 φύ-

206 3809 342 3851 σεως
366 3788 435 3844 τὰ
466 3788 634 3864 μέτρα
661 3786 891 3865 πληρῶν
943 3790 971 3843 6
1019 3789 1295 3861 Δεσπότης
1336 3789 1566 3866 Χριστὸς
1625 3786 1841 3865 εύχεται

204 3879 341 3955 πρὸς
396 3878 487 3933 τὸν
551 3879 779 3955 Πατέρα,
810 3877 899 3932 καί
947 3899 1101 3956 φησι,
1154 3903 1182 3931 ‹‹
1233 3880 1340 3947 Τήν
1403 3879 1539 3953 μετὰ
1593 3879 1844 3941 αἰνέσεως

204 3965 385 4037 δέησίν
461 3988 567 4040 μου
644 3969 719 4040 μὴ
798 3965 1068 4042 παρέλθῃς
1145 3967 1197 4022 ἐν
1252 3971 1454 4041 σιωπῇ·
1498 3993 1525 4020 ››
1574 3968 1840 4040 τουτέστι,

208 4056 284 4130 μὴ
316 4053 676 4132 ἀπρόσδεκτον
707 4057 961 4131 ποιήσῃς,
998 4058 1076 4130 μὴ
1115 4055 1488 4134 ἀνενέργητον.

279 4169 301 4197 ιι
333 4147 451 4199 Ὅτι
496 4144 673 4219 στόμα
713 4142 1045 4221 άμαρτωλοῦ
1113 4146 1202 4201 καὶ
1271 4145 1446 4220 στόμα
1510 4142 1701 4201 δολίου
1761 4144 1845 4201 ἐπ’

201 4232 300 4307 ἐμὲ
340 4232 598 4309 ἠνοίχθη.
629 4259 658 4287 ››
718 4265 762 4277 --
798 4232 1155 4311 ’Δμαρτωλὸν
1204 4235 1293 4290 καὶ
1345 4233 1531 4290 δόλιον
1571 4234 1663 4290 τὸν
1708 4234 1842 4290 Ἰού-

199 4319 291 4377 δαν
316 4322 564 4398 νοητέον,
595 4323 654 4385 ὃς
682 4320 866 4394 ἤνοιξε
894 4323 1069 4397 στόμα
1117 4325 1253 4379 κατὰ
1298 4328 1394 4379 τοῦ
1446 4330 1704 4397 Σωτῆρος
1754 4322 1844 4379 ὅτε

196 4410 533 4483 συνελάλησε
600 4417 716 4473 τοῖς
782 4411 1095 4490 ἀρχιερεῦσι
1157 4412 1248 4467 καὶ
1311 4407 1695 4488 πρεσϐυτέροις
1744 4417 1842 4468 τοῦ

198 4500 335 4557 λαοῦ
359 4500 484 4578 περὶ
513 4502 613 4572 τῆς
640 4498 936 4576 προδοσίας
965 4501 1151 4558 αὐτοῦ.

270 4613 299 4643 ‹‹
334 4589 637 4660 Ἐλάλησαν
690 4592 807 4646 κατ’
859 4590 995 4664 ἐμοῦ
1040 4589 1261 4668 γλώσσῃ
1310 4589 1489 4663 δολίᾳ.
1523 4615 1553 4643 ››
1583 4624 1652 4633 --
1676 4591 1838 4647 Εῗσά-

1873 1928 1923 1995 Β
1951 1895 2049 1962 τῷ.

2022 672 2051 699 ‹‹
2083 648 2221 724 Ἐγὼ
2282 643 2340 702 δὲ
2394 642 2813 722 προσηυχόμην.
2858 667 2887 695 ››
2933 676 3000 686 -
3045 644 3203 720 ’Υπὲρ
3256 643 3429 699 αὐτῶν
3489 643 3589 717 δη-

1950 733 2129 791 λονότι
2161 738 2196 806 ἢ
2219 738 2317 805 τήν
2348 735 2493 811 παρὰ
2520 738 2615 788 σοῦ
2651 734 2902 809 βοήθειαν
2934 731 3388 805 ἐπικαλούμενος.

2021 850 2049 879 ‹‹
2084 826 2186 881 Καὶ
2243 821 2421 879 ἔθεντο
2463 823 2579 878 κατ’
2628 820 2763 895 ἐμοῦ
2809 822 2947 876 γακά
2987 821 3100 876 ἀντὶ
3145 822 3382 897 ἀγαθῶν.
3435 848 3463 876 ››
3520 859 3589 868 -

1950 913 2276 990 Εἶργάσαντο
2333 918 2446 967 κατ’
2498 910 2633 984 ἐμοῦ
2678 910 2817 965 κακὰ
2872 910 2979 964 ἀνθ’
3027 911 3099 964 ὧν
3150 910 3584 987 εὐηργετήθησαν

1952 1004 2179 1079 ἀγαθῶν.

2030 1114 2056 1146 α
2086 1091 2185 1145 Καὶ
2235 1096 2389 1163 μῖσος
2437 1088 2550 1145 ἀντὶ
2597 1095 2695 1158 τῆς
2744 1087 3069 1162 ἀγαπήσεως
3121 1110 3244 1161 μου.
3283 1114 3303 1141 ι

1949 1187 2049 1250 τῆς
2080 1180 2294 1254 ἀγάπης
2324 1181 2391 1247 ἧς
2421 1179 2649 1252 ἠγάπων
2676 1175 2890 1237 αὐτούς.

2026 1292 2053 1321 (ί
2088 1266 2425 1337 Κατάστησον
2476 1264 2558 1320 ἐπ’
2606 1264 2763 1319 αὐτὸν
2810 1263 3158 1341 ἀμαρτωλόν.
3195 1289 3223 1317 ››
3251 1299 3319 1309 —-
3361 1269 3439 1324 Τὸ
3486 1289 3589 1325 χα-

1949 1358 2213 1427 τάστησον
2288 1355 2405 1410 ἀντὶ
2480 1358 2578 1408 τοῦ
2659 1354 3087 1430 παραχώρησον.
3175 1358 3585 1434 Παραχώρησον

1951 1452 2299 1515 καταστῆναι,
2356 1442 2599 1499 τουτέστι
2680 1445 3087 1513 καταστήσεται·
3169 1447 3413 1523 σχήματι
3481 1448 3585 1523 γὰρ

1954 1537 2085 1612 ἀράς
2133 1532 2462 1612 προφητεύει
2505 1533 2572 1587 τὰ
2624 1529 2916 1605 μέλλοντα·
2950 1557 2979 1584 ‹‹
3029 1531 3261 1601 Εἷσῆλθε
3314 1535 3440 1610 γὰρ,
3482 1558 3587 1614 φη-

1955 1623 2058 1693 σὶν,
2092 1624 2167 1686 εἰς
2200 1623 2359 1678 αὐτὸν
2391 1623 2419 1676 6
2451 1626 2712 1683 Σατανᾶς.
2747 1645 2775 1672 ››

2026 1737 2054 1765 ‹‹
2085 1712 2189 1769 Καὶ
2221 1706 2477 1773 διάϐολος
2509 1712 2689 1781 στήτω
2728 1708 2787 1764 ἐκ
2827 1707 3012 1779 δεξιῶν
3058 1709 3243 1766 αὐτοῦ.
3277 1735 3304 1762 ››
3337 1745 3404 1752 -
3444 1715 3589 1783 Στή-

1954 1823 2100 1856 σεται
2144 1800 2203 1855 ἐκ
2250 1797 2434 1870 δεξιῶν
2486 1798 2670 1869 αὐτοῦ,
2712 1798 3008 1867 τουτέστιν,
3041 1798 3446 1870 οἷκειωθήσεται
3495 1802 3589 1856 αὐ-

3340 1124 3409 1133 -—
3442 1091 3587 1147 Ἀντὶ

2025 1981 2171 2034 «Ἐν
2228 1982 2307 2051 τῷ
2377 1976 2647 2054 κρίνεσθαι
2724 1975 2882 2031 αὐτὸν
2958 1974 3164 2047 ἐξέλθοι
3237 1975 3587 2035 καταδεδικα-

1952 2066 2169 2141 σμένος.
2203 2091 2232 2120 ››
2259 2099 2328 2109 —-
2358 2067 2441 2121 ’Ev
2480 2069 2560 2137 τῷ
2602 2063 2871 2138 κρίνεσθαι
2922 2064 3023 2119 ὑπὸ
3069 2069 3166 2120 τοῦ
3211 2065 3412 2121 οἰκείου
3460 2089 3588 2123 συν-

1952 2155 2158 2218 ειδότος
2234 2154 2561 2225 ἐξελεύσεται
2636 2153 2741 2207 ἀπὸ
2820 2158 2917 2207 τοῦ
3001 2151 3294 2230 συνεδρίου,
3366 2177 3588 2214 κατακε-

1950 2245 2207 2323 κριμένος
2263 2244 2352 2299 καὶ
2412 2244 2496 2320 ὑφ’
2555 2244 2744 2297 ἑαυτοῦ
2789 2242 2878 2297 καὶ
2928 2243 3016 2297 ὑπ’
3046 2242 3284 2299 ἐκείνων·
3323 2269 3349 2295 ‹‹
3383 2251 3591 2323 ’Ήμαρ-

1951 2356 2042 2391 τον
2097 2334 2219 2411 γὰρ,
2253 2333 2407 2413 φησὶ,
2437 2330 2709 2409 παραδοὺς
2766 2332 2899 2404 αἷμα
2956 2332 3152 2389 ἀθῶον.
3186 2334 3247 2387 Ol
3301 2332 3358 2388 δὲ
3415 2334 3586 2410 εἶπον,

1952 2423 2013 2479 Τί
2066 2424 2203 2498 πρὸς
2246 2425 2435 2495 ἠμᾶς;
2486 2421 2548 2476 σὺ
2597 2415 2737 2494 ὄψει.
2786 2444 2813 2472 ››
2865 2421 3260 2497 Καταγνώσεως
3317 2418 3374 2477 δὲ
3418 2424 3478 2478 τὸ
3526 2424 3588 2478 σὺ

1954 2508 2097 2587 ὄψει.
2254 2537 2261 2542 ·

2028 2625 2056 2653 ‹‹
2088 2601 2186 2655 Καὶ
2234 2602 2270 2669 ἡ
2320 2600 2601 2676 προσευχὴ
2652 2598 2816 2653 αὐτοῦ
2864 2596 3100 2674 γενέσθω
3147 2599 3223 2662 εἷς
3264 2601 3527 2678 ἁμαρτίαν
3557 2628 3586 2656 ››

1954 2723 2023 2734 —-
2050 2689 2145 2752 Είς
2176 2688 2503 2764 ἀποτυχίαν,
2533 2685 2700 2764 ἤγουν
2733 2685 3076 2757 ἀποτεύξεται
3126 2688 3201 2742 ὧν
3244 2688 3452 2761 αἰτήσει
3503 2688 3591 2747 διὰ

1951 2781 2050 2849 τὴν
2084 2776 2405 2855 δυστροπίαν
2440 2776 2625 2834 αὐτοῦ.

2026 2892 2054 2920 ‹‹
2086 2868 2465 2937 Γενηθήτωσαν
2512 2866 2565 2919 αἱ
2614 2863 2817 2940 ἡμέραι
2865 2863 3028 2919 αὐτοῦ
3077 2863 3281 2941 ὀλίγαι.
3326 2891 3354 2918 ››

1955 2956 2203 3027 λευτήσει
2232 2957 2467 3031 ταχέως.

2026 3071 2054 3099 ‹‹
2087 3047 2188 3103 Καὶ
2218 3046 2316 3115 τὴν
2348 3044 2648 3114 ἐπισκοπὴν
2680 3043 2843 3098 αὐτοῦ
2873 3038 3034 3098 λάϐοι
3090 3040 3292 3117 ἕτερος.
3328 3069 3357 3097 ››
3388 3080 3457 3088 -—
3484 3047 3592 3116 Τὴν

1954 3132 2325 3202 ἀποπολικὴν
2359 3133 2660 3202 ἐπισκοπὴν
2689 3132 2852 3187 αὐτοῦ
2882 3129 3112 3206 λήψεται
3145 3134 3174 3187 6
3204 3134 3462 3197 Ματθίας.

3390 2901 3453 2911 -
3495 2874 3592 2925 Τε-

2025 3266 2053 3293 ‹‹
2088 3242 2469 3312 Γενηθήτωσαν
2522 3240 2575 3294 οἱ
2618 3240 2726 3294 υἱοὶ
2774 3238 2937 3294 αὐτοῦ
2985 3239 3209 3318 ὀρφανοὶ
3248 3240 3338 3295 καὶ
3368 3244 3403 3312 ὴ
3450 3245 3585 3318 γυνή

1951 3330 2116 3385 αὐτοῦ
2171 3332 2338 3406 χήρα.
2391 3353 2419 3381 ››
2475 3363 2544 3371 -
2588 3328 2771 3383 Εἰπὼν
2826 3325 2960 3398 ἄνω,
3000 3328 3053 3383 τί
3098 3329 3388 3401 πεποίηκεν
3442 3331 3589 3405 αὐτῷ

1954 3420 1982 3474 6
2032 3416 2274 3487 Ἰούδας;
2341 3443 2368 3470 n
2423 3416 2665 3493 ἐπήγαγε
2720 3416 2830 3489 καὶ,
2895 3416 2948 3471 τί
3007 3418 3071 3472 τὸ
3122 3415 3411 3474 Ἰουδαϊκὸν
3476 3441 3591 3475 συν-

1954 3504 2129 3584 έδριον
2179 3506 2443 3577 πεποίηκε
2504 3503 2669 3560 πάλιν
2719 3504 2881 3577 αὐτῷ·
2934 3505 3047 3561 εἶτα
3108 3506 3266 3580 τύπῳ
3333 3509 3464 3582 ἀρᾶς
3524 3511 3593 3565 τὰ

1955 3590 2440 3668 ἐπισυμϐησόμενα
2468 3599 2544 3666 τῷ
2574 3592 2814 3668 προδότῃ
2842 3595 3246 3671 προαγορεύσας
3291 3594 3401 3668 ἤδη
3454 3617 3591 3672 προ-

1954 3684 2099 3760 λέγει
2148 3684 2237 3739 καὶ
2286 3684 2383 3739 ὅσα
2428 3689 2543 3746 τοῖς
2593 3684 2894 3746 θεοκτόνοις
2940 3679 3460 3756 ἐπισυμϐλήσονται·
3500 3688 3593 3743 καὶ

1952 3779 2167 3851 πρῶτον
2215 3778 2320 3829 τῶν
2366 3771 2552 3829 ἄλλων
2598 3773 2731 3851 φησὶ
2776 3774 2874 3842 τὴν
2905 3772 3007 3827 ὑπὸ
3057 3773 3341 3847 Ῥωμαίων
3386 3775 3594 3854 ἀναίρε-

1954 3885 2035 3918 σιν
2080 3862 2278 3933 αὐτῶν,
2327 3860 2416 3917 καί
2463 3862 2553 3916 τὸν
2596 3866 2701 3916 τῶν
2751 3866 3020 3938 γυναικῶν
3067 3863 3159 3918 καὶ
3221 3860 3427 3919 παίδων
3495 3865 3591 3920 αύ-

1951 3956 2058 4007 τῶν
2116 3947 2549 4028 ἀνδραποδισμὸν
2602 3951 2693 4005 καὶ
2737 3951 2837 4020 τὴν
2912 3950 2971 4006 ἐκ
3036 3958 3136 4021 τῆς
3209 3951 3592 4030 αἶ’χμαλωσίας

1952 4039 2180 4117 ἀπορίαν
2210 4044 2317 4094 τῶν
2349 4038 2670 4115 ἀναγκαίων.

2024 4154 2053 4182 ‹‹
2083 4123 2542 4199 -Εκϐληθήτωσαν
2602 4127 2661 4182 ἐκ
2703 4131 2811 4182 τῶν
2858 4126 3157 4184 οἰκοπέδων
3215 4128 3411 4189 αὐτῶν.
3461 4156 3488 4184 ››
3520 4164 3591 4175 --

1951 4215 2076 4273 Οὐδ’
2105 4217 2154 4273 ἐν
2202 4222 2319 4279 τοῖς
2369 4214 2679 4278 οἰκοπέδοις
2722 4214 2848 4285 ἤτοι
2896 4222 3009 4281 τοῖς
3061 4217 3318 4295 ἐρειπίοις
3356 4224 3463 4274 τῶν
3513 4221 3591 4275 οἱ-

1949 4309 2211 4381 κημάτων
2263 4306 2436 4362 αὐτῶν
2483 4304 2647 4361 οἰκεῖν
2716 4308 3261 4382 συγχωρηθήσονται.
3308 4311 3591 4379 Δανειστὴς

1949 4394 2057 4451 ὧδε
2106 4397 2198 4451 τὸν
2259 4393 2449 4457 ἁπλῶς
2499 4393 2717 4466 λήπτην
2777 4394 2931 4472 φησί·
2991 4394 3075 4451 διὸ
3105 4398 3193 4451 καὶ
3225 4398 3253 4452 6
3285 4396 3593 4475 Σύμμαχος

1951 4485 2065 4540 ἀντὶ
2136 4490 2229 4540 τοῦ
2314 4482 2591 4553 δανειστὴς
2676 4485 2933 4561 πράκτωρ
3017 4487 3347 4561 ἡρμήνευσε.
3432 4488 3594 4562 Λέγει

1950 4579 2079 4650 γοῦν
2134 4575 2225 4629 τὸν
2288 4572 2611 4652 φορολόγον·
2672 4574 2736 4627 Ol
2791 4573 2891 4650 γὰρ
2950 4575 3076 4649 περὶ
3125 4577 3224 4643 τῆς
3278 4575 3591 4648 Ῥωμαῖκῆς

195 4699 277 4757 γει
329 4681 419 4734 καί
460 4656 588 4742 τοῦς
640 4681 753 4755 μεθ’
803 4656 900 4733 ὧν¹
926 4682 954 4735 6
998 4656 1205 4744 Ἰόύδας
1237 4656 1640 4752 συνελάλησεν,
1667 4678 1836 4757 ἤγουν
1871 4668 1919 4733 D
1951 4662 2412 4757 ἐξο-υσίας-ἐπῖῖῷ
2462 4656 2758 4757 λαμϐᾴνείν
2808 4661 3124 4757 τεῖαγμὲνοι
3168 4663 3260 4718 τὸν
3318 4670 3435 4757 τςὶῖς
3474 4671 3601 4720 Ἴου·

193 4768 324 4831 τοὺς
353 4768 630 4845 ἀρχιερεῖς
673 4768 763 4823 καὶ
811 4763 1209 4846 πρεσϐυτέρους
1262 4774 1371 4825 τῶν
1424 4766 1722 4842 Ἰουδαίων,
1753 4771 1842 4825 καί

195 4878 379 4936 φησιν.
432 4881 461 4911 cc
511 4855 819 4927 Ἐλάλησαν
880 4856 1039 4920 οὗτός
1104 4879 1165 4913 τε
1219 4858 1478 4931 κάκεῖνοι,
1523 4860 1639 4914 κατ’
1707 4858 1843 4932 ἐμοῦ

198 4944 396 5008 δόλους
426 4945 717 5023 βάπτοντες
749 4941 1063 5008 ἐπιϐουλάς.
1094 4971 1123 4998 ››

273 5034 430 5091 «Καὶ
480 5034 671 5111 λόγοις
725 5035 912 5109 μίσους
975 5034 1286 5091 ἐκύκλωσάν
1353 5057 1439 5111 με.
1494 5061 1522 5088 ››
1572 5069 1641 5078 —
1691 5035 1841 5091 Πολ-

197 5122 356 5186 λάκις
426 5123 528 5201 γὰρ
595 5125 647 5177 οἱ
709 5120 962 5179 Ἰουδαῖοι
1027 5123 1351 5187 κυκλοῦντες
1408 5123 1565 5180 αὐτὸν
1626 5124 1843 5201 ῥήματα

201 5212 392 5288 μίσους
468 5210 721 5286 ἐλάλουν,
798 5210 1162 5290 διασύροντες,
1228 5208 1539 5288 ὑϐρίζοντες
1613 5214 1843 5289 ἠρώτων

193 5304 367 5374 κακοή
377 5314 503 5367 θως.

267 5417 297 5445 ‹‹
328 5391 428 5446 Kal
478 5389 826 5465 ἐπολέμησάν
882 5411 947 5466 με
990 5389 1214 5470 δωρεάν.
1262 5419 1292 5447 ››
1321 5428 1389 5437 -
1430 5394 1642 5464 Μάτην,
1694 5391 1842 5447 ἀνευ-

194 5480 406 5556 λόγως.

267 5595 296 5623 ‹‹
329 5570 475 5625 Ἀντί
505 5574 608 5626 τοῦ
645 5570 854 5646 ἀγαπᾷν
912 5592 978 5643 με
1024 5566 1373 5627 ἐνδιέϐαλλόν
1424 5592 1509 5645 με,
1545 5595 1572 5623 ››
1611 5604 1674 5613 -
1712 5571 1838 5625 Δέον

194 5660 403 5738 ἀγαπᾷν
477 5679 544 5734 με
609 5659 727 5714 καθ’
776 5657 1003 5730 ἐκάστην
1069 5660 1263 5723 αὐτοὺς
1329 5659 1706 5738 εὐεργετοῦντα
1751 5658 1840 5714 καὶ

193 5747 303 5832 λόγ
399 5749 488 5805 καὶ
537 5744 706 5829 ἔργῳ.
739 5749 802 5806 Οἱ
853 5745 911 5807 δὲ
955 5747 1266 5809 τούναντίον
1318 5746 1704 5829 διεκωμῴδουν
1754 5769 1838 5827 με,

1955 4750 2128 4815 δαίοις
2183 4752 2520 4825 ἐπικείμενον
2581 4751 2769 4830 φόρον,
2814 4751 2903 4806 καὶ
2961 4754 3442 4828 κατακεκρυμμένα
3488 4758 3597 4810 τῶν

1956 4840 2227 4897 Ἰουδαίων
2263 4837 2500 4917 ἀκριϐῶς
2532 4840 2909 4918 ἐρευνήσαντες
2937 4841 3112 4895 πάντα
3140 4838 3461 4916 διήρπασαν.

2025 4975 2051 5001 ‹‹
2087 4949 2513 5025 Ἑξερευνησάτω
2584 4946 2866 5016 δανειστὴς
2947 4946 3121 5002 πάντα
3200 4949 3289 5003 οἷα
3364 4949 3599 5026 ὑπάρχει

1950 5037 2118 5111 αὐτῷ.
2153 5063 2180 5090 ››
2235 5071 2301 5081 __
2358 5032 2521 5091 Οὔπω
2580 5037 2682 5111 γάρ
2739 5038 3132 5112 τεσσαράκοντα
3192 5034 3594 5108 διεληλυθότων

1950 5127 2203 5182 ἐνιαυτῶν
2252 5128 2316 5182 τὸ
2366 5126 2664 5199 ὀνομαστὸν
2718 5125 2849 5201 ὅπερ
2899 5126 3017 5201 εἶχε
3052 5126 3142 5179 καὶ
3192 5123 3398 5198 ἔνδοξον
3434 5129 3625 5197 ὁτῶν⁷

1951 5214 2221 5270 Ἰουδαίων
2251 5212 2384 5287 λαὸς
2412 5213 2613 5276 τελέως
2643 5213 2943 5271 ἀπώλεσεν.

2024 5326 2052 5355 ‹‹
2084 5305 2369 5374 Γενηθήτω
2423 5303 2491 5357 τὰ
2544 5303 2704 5358 τέκνα
2759 5301 2923 5357 αὐτοῦ
2967 5302 3044 5365 εἷς
3102 5303 3494 5381 έξολόθρευσιν·
3542 5305 3593 5361 ἐν

1946 5397 2102 5469 γενεᾷ
2129 5397 2229 5465 μιᾷ
2257 5390 2591 5469 ἐξαλειφθείη
2623 5392 2686 5446 τὸ
2736 5387 2915 5465 ὄνομα
2961 5391 3146 5450 αὐτοῦ.
3180 5417 3208 5445 ››
3240 5427 3308 5436 —-
3341 5393 3594 5467 Ἀνομίαν

1947 5482 2198 5557 πατέρων
2252 5479 2396 5557 λέγει
2449 5483 2512 5536 τὸ
2563 5480 2875 5536 ἀποκτεῖναι
2922 5480 3048 5544 τοὺς
3080 5485 3387 5561 προφήτας·
3423 5505 3451 5533 ‹‹
3483 5488 3595 5538 Πᾶν

1950 5571 2075 5647 γὰρ,
2135 5570 2320 5648 φησὶν,
2367 5572 2503 5644 αἷμα
2559 5568 2764 5626 δίκαιον
2825 5570 3047 5646 ἐκχυθὲν
3104 5571 3209 5626 ἀπὸ
3264 5567 3431 5626 Ἀϐελ
3488 5568 3593 5635 ἕως

1949 5659 2218 5752 Ζαχαρίοο
2275 5663 2373 5714 τοῦ
2415 5661 2700 5742 προφήτου
2746 5656 3156 5736 ἐκδικηθήσεται
3206 5660 3312 5718 ἀπὸ
3353 5665 3455 5735 τῆς
3500 5680 3591 5752 γε·

1950 5754 2073 5814 νεᾶς
2101 5747 2324 5823 ταύτης.
2359 5772 2389 5805 ››
