3998 6418
458 400 610 477 1374

1704 407 2124 481 NICEPHOBI
2172 408 2606 479 BLEMMIDA‘Z

3665 410 3786 484 im

528 573 557 601 ‹‹
588 546 984 622 ’Δναμνησθείη
1044 546 1079 618 ἡ
1138 548 1336 622 ἀνομία
1406 552 1513 604 τῶν
1597 552 1843 628 πατέρων
1927 550 2090 605 αὐτοῦ
2124 560 2173 628 Α
2208 550 2334 622 ματί
2395 569 2517 623 μου·
2572 551 2663 605 καὶ
2720 550 2772 605 ἐν
2833 546 2981 622 μέσης)
3060 546 3282 603 πἰλλῶν
3339 548 3531 604 αἰνέσω
3586 550 3786 606 αὐτόν.»

454 637 631 694 ἔναντι
686 636 910 713 Κυρίου.
944 662 973 690 ››
1005 670 1075 680 -
1128 641 1321 712 Μήτρα
1377 641 1632 716 (μητέρα)
1686 644 1783 694 τοῦ
1841 635 2090 701 εὐσεϐοῦς

449 727 646 784 τούτου
675 724 812 782 λαοῦ
839 728 940 797 τὴν
966 727 1197 804 ἀρχαίαν
1228 726 1374 804 λέγει
1406 731 1723 805 συναγωγὴν
1754 730 1852 797 τήν
1883 726 2093 784 πολλά-

449 834 536 876 κις
566 814 1036 890 παραπικράνασαν
1066 816 1157 869 τὸν
1185 815 1341 874 Θεόν.

524 925 553 953 ‹‹
582 903 967 975 Γενηθήτωσαν
1028 903 1264 959 ἐναντίον
1325 905 1529 981 Κυρίου
1586 902 1961 969 διαπαντός.»
2020 938 2090 949 —

449 990 824 1062 Ἀνεπίληστοι
865 989 1079 1047 ἔσονται
1118 993 1265 1067 παρά
1303 998 1383 1066 τῷ
1433 998 1566 1067 Θεῷ,
1597 996 1633 1064 ἡ
1666 994 1863 1068 ἀνομία
1909 991 2082 1065 δηλα-

452 1077 519 1150 δή
550 1080 639 1135 καὶ
667 1083 703 1149 ἠ
736 1080 989 1156 ἁμαρτία.

524 1168 675 1224 «Καὶ
732 1167 1135 1246 ἐξολοθρευθείη
1194 1170 1256 1226 ἐκ
1309 1177 1413 1248 γῆς
1466 1172 1530 1227 τὸ
1588 1172 1927 1246 μνημόσυνον
1999 1172 2090 1228 αὖ·

448 1261 579 1315 τῶν.
614 1281 643 1311 ››
680 1289 750 1300 -
779 1256 956 1328 Δῆλον
1014 1256 1250 1323 ἐντεῦθεν
1306 1259 1382 1321 ὡς
1437 1260 1561 1336 περὶ
1616 1262 1831 1316 πάντων
1862 1259 2088 1339 ἐφεστη-

447 1345 622 1403 κότων
655 1346 838 1425 φησιν.
870 1346 945 1401 Ού
972 1347 1073 1423 γάρ
1105 1347 1246 1403 εἴπεν
1279 1347 1463 1419 αὐτοῦ,
1499 1346 1625 1404 ἀλλ’
1655 1349 1850 1408 αὐτῶν.
1886 1351 1983 1405 Διά
2030 1346 2089 1406 δὲ

447 1439 546 1491 τοῦ
577 1434 929 1509 μνημοσύνου
956 1436 1020 1491 τὸ
1053 1436 1231 1510 μνείας
1258 1439 1525 1514 τυγχάνον
1553 1435 1827 1509 ἐδήλωσεν
1871 1437 1928 1493 ἐκ
1975 1444 2084 1494 τῶν

443 1521 739 1592 Ἰουδαίων,
770 1524 1007 1587 καὶτοῖς
1035 1523 1273 1588 πολλοῖς
1324 1523 1586 1599 ᾀδόμενον
1632 1527 1709 1589 ὡς
1759 1527 2082 1601 ἐπίστημον.

518 1636 549 1663 α
577 1613 719 1671 ’Δνθ’
747 1613 820 1667 ὧν
867 1612 965 1667 οὐκ
1007 1612 1249 1686 ἐμνήσθη
1298 1621 1521 1684 ποιῆσαι
1570 1613 1742 1678 ἔλεος.
1775 1640 1804 1668 ››
1837 1649 1906 1660 —-
1936 1618 2084 1671 Διότι

445 1701 545 1757 οὐκ
603 1700 843 1775 ἐμνήσθη
900 1702 974 1756 ὧν
1032 1699 1370 1778 εὓηργετήθη
1427 1706 1572 1778 παρά
1637 1710 1893 1781 Χριστοῦ,
1946 1706 2083 1761 ὥστε

440 1788 659 1860 ἐλεῆσαι
688 1790 847 1845 αὐτὸν
879 1790 955 1853 ὡς
986 1787 1188 1853 ἀδίκως
1218 1792 1582 1866 κτεινόμενον.

2200 672 2271 681 —
2323 639 2783 715 Αἰσχυνθήσονται
2838 638 2928 693 καὶ
2990 639 3126 711 μετά
3176 638 3275 706 τήν
3334 637 3467 710 ἐμὴν
3524 638 3790 715 ἀνάστασιν,

2199 729 2366 784 πλέον
2401 726 2459 783 δὲ
2490 730 2625 802 μετά
2648 728 2748 797 τὴν
2782 726 3148 802 παγκόσμιον.

2274 840 2303 869 ι(
2331 818 2450 871 Ὅτι
2500 818 2738 893 παρέστη
2788 815 2848 871 ἐκ
2892 813 3079 886 δεξιῶν
3126 816 3379 889 πένητος,
3427 820 3524 872 τοῦ
3567 821 3713 873 σῶσαι
3747 818 3793 875 ἐκ

2198 909 2304 960 τῶν
2356 903 2799 961 καταδιωκόντων
2856 905 2953 975 τήν
3009 906 3197 980 ψυχήν
3253 926 3376 977 μου.
3412 930 3435 957 ι
3466 937 3537 948 -
3589 907 3698 961 Ἐπί
3734 911 3789 982 τῇ

2199 990 2289 1049 διὰ
2314 997 2412 1049 τοῦ
2444 993 2580 1067 ἐμοῦ
2599 994 2801 1057 πάθους
2834 994 3215 1067 σωτηρίᾳκτῶν
3245 993 3562 1069 ἀνθρώπων.

2269 1083 2497 1146 Διπλοῗς
2528 1081 2743 1159 λέγεται
2774 1082 2997 1159 χλαμὺς
3038 1079 3376 1155 διπλουμένη
3427 1081 3481 1138 ἐν
3525 1088 3606 1156 τῷ
3647 1091 3792 1162 φορεῖ-

2197 1172 2336 1231 σθαι.

2268 1261 2367 1317 Καὶ
2423 1261 2595 1325 οὕτως
2654 1261 2965 1338 εὐχαριστεῖ
3006 1265 3088 1334 τῷ
3126 1261 3318 1337 Πατρὶ,
3348 1262 3437 1317 καὶ
3488 1260 3625 1317 αἰνεῖ
3670 1261 3793 1318 αὐτὸν

2194 1348 2247 1405 ἐν
2282 1351 2430 1424 μέσῳ
2458 1350 2685 1407 πολλῶν
2732 1349 2821 1407 διὰ
2863 1355 2972 1406 τῶν
3012 1348 3373 1426 σύαγγελικῶν
3424 1350 3600 1427 λόγων
3645 1350 3793 1407 αὐτοῦ.

2267 1440 2360 1495 Ἐκ
2386 1444 2484 1495 τοῦ
2514 1438 2689 1511 δεξιοῦ
2734 1440 2933 1517 μέρους
2979 1440 3031 1495 οἰ
3082 1444 3504 1516 συμμαχοῦντες
3557 1439 3798 1516 παρίστανο

2191 1546 2299 1587 ται.
2333 1528 2540 1585 Ἐσωσε
2568 1526 2626 1585 δὶ
2654 1529 2812 1585 αὐτὸν
2843 1528 3145 1599 ἀναστήσας
3175 1528 3237 1584 ἐκ
3260 1532 3371 1585 τῶν
3417 1533 3634 1603 ηκρῖη.

2777 1691 3070 1745 ΨΑΛΙῙΟΣ
3119 1694 3232 1745 Ρθο.

2263 1853 2292 1881 ‹‹
2325 1826 2557 1902 Ψαλμὸς
2611 1833 2692 1901 τῷ
2748 1826 2931 1887 Δαυΐδ.
2967 1855 2996 1882 ››
3027 1863 3096 1873 —-
3124 1855 3155 1883 «
3209 1829 3373 1888 Εἶπεν
3430 1832 3458 1887 6
3507 1831 3691 1908 Κύριος
3734 1836 3795 1904 τῷ

510 1897 670 1999 (ι-Ιξαὶ
696 1895 1010 1999 κατεδίωξεν
1030 1899 1324 1999 ἀνθρῳπον
1383 1898 1587 1999 πέγητα
1632 1902 1721 1999 καί
1769 1902 2074 1999 πτωχόνηυ
2113 1926 2160 1999 Β
2190 1918 2371 1994 κυρίῳ
2432 1895 2561 1991 μου.
2615 1895 2794 1974 Κῇθου
2852 1917 2911 1973 ἐκ
2966 1916 3150 1991 δεξιῶν
3215 1940 3339 1992 μου.
3374 1944 3406 1971 ,,
3435 1895 3595 1975 -Ὀ’
3635 1895 3789 1997 nam;

440 2018 510 2030 ""‘
538 1987 713 2085 Πᾷνης
742 1987 1085 2085 ξαὶιπτυξχδξ
1112 1988 1142 2042 δ
1171 1987 1369 2085 Κύριξς
1400 1986 1489 2085 διιᾲ
1516 1991 1613 2058 τήν
1670 1988 2079 2085 εὐτέλειαν-τῇς
2113 1986 2158 1999 υ
2190 1986 2374 2082 εἴρηκε
2562 2007 2670 2079 ἶ·ἰῷ
2723 2010 2890 2062 ταῦτα
2950 1986 3084 2081 μετὰ
3129 1986 3227 2077 τὴᾴ
3290 2005 3349 2063 ἐκ
3376 2016 3484 2085 γῆς
3537 2009 3613 2071 εἰς
3662 1986 3795 2083 οὖρα-

443 2076 657 2153 σαρκὸς,
690 2076 778 2131 καὶ
805 2077 869 2131 τὸ
918 2077 995 2149 μὴ
1044 2072 1189 2152 ἔχειν
1239 2081 1346 2132 ποῦ
1388 2076 1593 2134 κλίνειν
1644 2080 1745 2148 τὴν
1811 2079 2077 2157 κεφαλήν.

515 2190 542 2216 ‹‹
574 2164 672 2221 Καὶ
747 2166 1197 2242 κατανενυγμένον
1272 2170 1340 2241 τῇ
1411 2164 1605 2244 καρδίᾳ
1673 2172 1771 2224 τοῦ
1844 2170 2078 2224 θανατῶ-

437 2252 545 2311 σαι.
595 2278 625 2306 ››
681 2286 749 2298 --
806 2254 951 2309 Κατά
1002 2255 1088 2327 τὸ,
1122 2278 1151 2305 (ι
1207 2256 1414 2320 Μάθετε
1455 2255 1547 2310 ἀπ’
1593 2253 1729 2329 ἐμοῦ
1776 2256 1859 2312 ὅτι
1906 2256 2077 2331 πρᾶός

436 2342 553 2418 εἰμι
581 2344 671 2398 καὶ
698 2344 946 2405 ταπεινὸς
972 2346 1041 2418 τῇ
1071 2341 1285 2420 καρδίᾳ.
1320 2370 1347 2396 ››

506 2431 666 2488 «Καί
723 2432 975 2507 ἠγάπησε
1030 2433 1261 2506 κατάραν
1320 2434 1409 2488 καὶ
1466 2431 1583 2507 ἥξει
1639 2433 1804 2507 αὐτῷ.
1841 2459 1868 2487 ››
1906 2462 1968 2483 a=
2004 2440 2078 2490 Τά

431 2522 568 2577 κακά
621 2520 724 2598 γὰρ
778 2521 846 2576 τὰ
901 2519 1107 2576 οἷ’κοθεν
1160 2521 1220 2577 ἐκ
1260 2526 1369 2576 τῶν
1417 2522 1634 2578 οἲκείων
1666 2523 1908 2599 πράξεων
1959 2523 2076 2580 ἐπι-

434 2604 785 2684 συμϐαίνουσι
814 2616 929 2672 τοῖς
961 2610 1315 2687 αἶ’ρουμένοις
1346 2611 1503 2668 αὐτά.

511 2698 665 2754 «Καὶ
720 2696 1001 2754 ἐνεδύσατο
1059 2700 1291 2776 κατάραν
1349 2701 1424 2762 ὡς
1481 2699 1718 2773 ἱμάτιον.
1778 2726 1807 2754 ››
1859 2736 1928 2744 —
1980 2705 2078 2760 Διά

436 2792 534 2843 τοῦ
565 2788 783 2862 ἱματίου
814 2786 980 2859 δηλοῖ
1000 2790 1099 2857 τὴν
1126 2790 1418 2865 περιοχὴν,
1453 2785 1542 2844 διὰ
1583 2795 1678 2845 τοῦ
1736 2787 1927 2855 ὕδατος
1977 2794 2077 2863 τήν

440 2875 800 2956 σφοδρότητα,
851 2875 940 2932 διά
992 2881 1089 2932 τοῦ
1129 2876 1315 2934 ἐλαίου
1340 2880 1437 2948 τήν
1474 2878 1815 2952 μονιμότητα
1868 2881 1957 2937 καὶ
2013 2883 2076 2939 τὸ

438 2964 809 3035 δυσέκνιπτον,
868 2964 957 3022 διὰ
1013 2964 1071 3022 δὲ
1136 2974 1239 3038 τῆς
1296 2972 1341 3037 ζ.
1375 3011 1388 3025 .
1427 3012 1441 3026 .
1478 3012 1489 3024 .
1551 2969 1611 3023 τὸ
1684 2968 1908 3045 συνέχον
1985 2972 2073 3026 καὶ

430 3054 725 3129 συμπιέζον
756 3054 857 3112 ἀεί.

503 3168 531 3198 ι(
559 3147 728 3199 Τοῦτο
772 3143 836 3198 τὸ
882 3141 1063 3221 ἔργον.
1097 3168 1125 3197 ››
1157 3178 1226 3187 -
1269 3150 1437 3201 Τοῦτο
1481 3145 1543 3201 τὸ
1590 3144 1766 3223 ἔργον,
1814 3143 1985 3223 ἤγουν
2034 3150 2069 3219 ἠ

424 3230 667 3309 τιμωρία
721 3235 869 3309 παρά
923 3232 1127 3309 Κυρίου
1183 3238 1291 3288 τῶν
1349 3236 1819 3313 συκοφαντούντων
1871 3258 1937 3310 με
1979 3240 2069 3293 καὶ

424 3325 531 3376 τῶν
555 3319 906 3395 μελετώντων
940 3320 1169 3377 ἐπίπονα
1194 3344 1284 3378 και
1323 3324 1597 3398 θανατηρά
1623 3326 1739 3379 κατ’
1769 3324 1925 3400 ἐμοῦ.

500 3452 530 3480 ‹‹
558 3422 922 3505 Ὑπερϐατῶς,
952 3452 980 3482 ‹‹
1005 3428 1241 3500 Ποίησον
1275 3435 1387 3502 μετ’
1417 3429 1552 3504 ἐμοῦ
1581 3431 1643 3486 τὸ
1675 3429 1827 3494 ἔλεός
1849 3452 1963 3502 σου,
1985 3433 2067 3489 ὅτι

429 3516 626 3596 ἀγαθὸν
685 3515 788 3574 ἀεί.
826 3541 855 3569 ››
885 3519 954 3573 Τὸ
1010 3515 1069 3572 δέ
1121 3521 1227 3572 τῶν
1288 3516 1585 3595 ἀνθρώπων
1646 3514 1783 3575 ἔστιν
1837 3520 1927 3576 ὅτε
1977 3521 2067 3577 καὶ

429 3600 719 3683 βλαϐερόν.
766 3603 1041 3661 Παιδεύων
1101 3603 1158 3661 δὲ
1213 3607 1361 3680 ἡμᾶς
1420 3608 1448 3663 6
1510 3609 1785 3680 Δεσπότης
1858 3630 2069 3686 μετριο-

425 3700 663 3775 φρονεῖν,
698 3720 727 3747 (ι
773 3695 1031 3767 Ποίησον,
1063 3695 1195 3774 φησί
1234 3696 1369 3771 πρὸς
1401 3697 1492 3751 τὸν
1542 3698 1772 3770 Πατέρα,
1802 3700 1864 3753 τὸ
1914 3697 2066 3763 ἔλεός

424 3780 519 3839 σου
555 3784 666 3857 μετ’
696 3783 852 3858 ἐμοῦ,
883 3809 912 3836 ››
946 3783 1054 3859 οὐχ
1082 3783 1166 3839 ὅτι
1210 3779 1353 3857 ἄξιός
1402 3784 1537 3859 εἰμι,
1586 3785 1716 3842 ἀλλ’
1765 3786 1847 3842 ὅτι
1906 3786 2066 3860 ἐλεή-

426 3895 540 3948 μων
572 3872 737 3929 εἶκαὶ
768 3872 1178 3952 φιλάνθρωπος.

498 3986 527 4014 ‹‹
556 3966 671 4018 Τῶν
746 3958 1213 4019 ἐνδιαϐαλλόντων
1285 3985 1352 4037 με
1417 3963 1563 4037 παρά
1637 3964 1855 4039 Κυρίου,
1918 3991 1946 4018 ››
1998 3999 2067 4008 -

426 4050 581 4107 Οὕτω
636 4053 852 4127 ταχέως
880 4052 1140 4129 ἀνῃρέθην
1191 4052 1265 4115 ὡς
1295 4054 1587 4128 ἀναιρεῖται
1636 4056 1672 4125 ἡ
1722 4054 1846 4109 σκιά
1885 4054 1936 4109 ἐν
1990 4059 2068 4127 τῷ

428 4139 594 4211 αὐτὴν
622 4140 930 4217 παρελθεῖν.

496 4255 525 4283 ‹‹
557 4229 656 4285 Καὶ
713 4231 1004 4307 γνώτωσαν
1064 4229 1146 4286 ὅτι
1206 4233 1240 4301 ἡ
1295 4231 1418 4307 χείρ
1478 4253 1573 4287 σου
1631 4232 1787 4303 αὕτη,
1838 4230 1927 4287 καὶ
1980 4232 2063 4306 σὺ,

416 4320 600 4397 Κύριε,
632 4318 892 4391 ἐποίησας
951 4319 1142 4391 αύτήν.
1175 4344 1203 4373 ››
1238 4354 1305 4364 -
1363 4320 1547 4383 Οὕτως
1604 4319 1849 4383 εὐκόλως
1909 4319 2067 4391 ἐξετι-

417 4408 623 4487 νάχθην
683 4415 784 4479 τῆς
841 4409 1121 4486 παρούσης
1174 4411 1316 4479 ζωῆς
1379 4410 1480 4464 ὑπὸ
1564 4409 1766 4488 φθόνου
1839 4409 1914 4472 ὡς
1968 4413 2065 4464 τοῦ

418 4497 682 4575 τυχόντος
710 4498 882 4554 τόπου
913 4499 967 4553 αἱ
998 4496 1207 4572 ἀκρίδες
1241 4497 1345 4553 ἀπὸ
1378 4496 1598 4571 ἀνέμου.

492 4612 521 4640 ‹‹
555 4587 618 4643 Οἱ
671 4586 1083 4660 έπανιστάμενοί
1130 4607 1224 4660 μοι
1276 4587 1743 4663 αἰσχυνθήτωσαν.
1772 4612 1799 4639 ››
1835 4620 1903 4630 —-
1937 4586 2063 4642 Ἠλ-

2187 2093 2313 2157 νούς
2374 2094 2742 2173 ἀναφοίτησιν.
2798 2097 3001 2172 Ὥσπερ
3055 2093 3112 2151 δὲ
3168 2094 3258 2151 διά
3317 2101 3416 2152 τοῦ
3489 2097 3676 2175 Κύριος
3721 2099 3794 2153 καί

2189 2183 2383 2260 Κύριος
2437 2185 2501 2239 τὸ
2559 2184 2803 2257 ἰσότιμον
2860 2183 3150 2256 δείκνυται,
3207 2186 3351 2241 οὕτω
3403 2188 3498 2242 καὶ
3571 2182 3654 2243 διά
3716 2188 3792 2256 τῆς

2187 2270 2247 2328 ἐκ
2313 2270 2497 2344 δεξιῶν
2573 2271 2856 2351 καθέδρας*
2922 2274 2995 2328 ὧν
3060 2276 3161 2350 γάρ
3226 2278 3262 2345 ἡ
3331 2273 3569 2351 καθέδρα
3644 2278 3795 2347 κοινὴ,

2183 2361 2390 2417 τούτων
2436 2362 2526 2417 καὶ
2556 2364 2592 2432 ἡ
2640 2362 2887 2438 βασιλεία
2930 2366 3112 2434 κοινή.
3143 2365 3213 2419 Τὸ
3264 2364 3357 2437 μὲν
3421 2362 3516 2420 οὖν
3573 2364 3793 2435 καθῆσθαι

2185 2451 2283 2520 τήν
2316 2449 2603 2505 ἀνάπαυσιν
2635 2447 2804 2521 δηλοῖ
2829 2453 2918 2506 καὶ
2967 2451 3264 2508 ἀπόλαυσιν
3323 2460 3426 2523 τῆς
3483 2448 3625 2516 θείας
3679 2454 3797 2529 βασι-

2188 2538 2358 2603 λείας’
2409 2540 2470 2594 τὸ
2528 2536 2585 2594 δὲ
2642 2538 2701 2594 ἐκ
2759 2537 2945 2611 δεξιῶν
2989 2541 3090 2609 τὴν
3135 2541 3479 2616 γνησιότητα
3522 2542 3610 2598 καὶ
3647 2544 3795 2616 ὁμοτι-

2189 2628 2336 2702 μίαν.

2256 2742 2284 2769 ι(
2316 2720 2459 2780 Ἕως
2519 2718 2578 2773 ἂν
2634 2720 2712 2772 θῶ
2765 2716 2893 2780 τοὺς
2946 2716 3173 2794 ἐχθρούς
3232 2741 3328 2774 σου
3360 2714 3658 2775 ὑποπόδιον
3706 2723 3789 2774 τῶν

2184 2803 2367 2861 ποδῶν
2397 2828 2513 2865 σου.
2547 2830 2576 2859 ››
2607 2840 2676 2850 —
2696 2807 2951 2862 Ἐνταῦθα
2978 2807 3041 2862 τὸ
3088 2803 3211 2881 ἕως,
3240 2810 3490 2886 καθάπερ
3539 2807 3789 2883 πολλαχοῦ

2182 2902 2285 2965 τῆς
2314 2900 2546 2974 Γραφῆς,
2577 2895 2640 2950 τὸ
2672 2894 2836 2972 μέχρι
2872 2895 2965 2968 μὲν
2996 2893 3155 2951 τοῦδε
3184 2893 3371 2968 δηλοῖ·
3406 2900 3474 2953 τὸ
3525 2896 3571 2953 δ’
3602 2897 3672 2976 ἐφ’
3697 2898 3791 2967 ἑξῆς

2185 2985 2283 3039 οὐκ
2341 2984 2626 3039 ἀναίνεται·
2683 2990 2782 3054 τῆς
2840 2985 2941 3061 γάρ
3004 2984 3284 3058 βασιλείας
3330 2985 3506 3042 αὐτοῦ
3537 2986 3632 3041 οὐκ
3678 2983 3789 3040 ἔσται

2180 3071 2358 3135 τέλος.
2390 3070 2704 3149 Ἐχθροὶ.δὲ
2735 3076 2967 3149 Χριστοῦ
3015 3074 3067 3127 οἱ
3122 3075 3196 3147 μὴ
3255 3075 3608 3138 πιστεύοντες
3659 3074 3787 3146 αύτῷ,

2180 3163 2270 3218 καὶ
2302 3164 2353 3218 οἱ
2384 3162 2725 3225 πιστεύοντες
2756 3163 2870 3235 μὲν,
2904 3161 3000 3217 ούκ
3049 3161 3224 3238 ὀρθῶς
3272 3161 3349 3235 δέ,
3380 3166 3480 3220 καὶ
3541 3167 3590 3221 οἱ
3636 3161 3790 3235 δαίμο-

2182 3272 2269 3315 νες
2339 3251 2391 3307 οἳ
2463 3251 2657 3314 πάντες
2734 3253 2876 3325 ὁμοῦ
2953 3251 3390 3326 ὁποταγήσονται
3464 3259 3544 3328 τῷ
3598 3256 3788 3329 Χριστῷ·

2177 3345 2339 3396 τοῦτο
2408 3341 2509 3418 γὰρ
2585 3338 2753 3411 δηλοῖ
2830 3342 2892 3396 τὸ
2966 3338 3264 3396 ὑποπόδιον
3346 3343 3575 3413 τεθῆναι
3642 3342 3791 3397 αὐτού.

2177 3429 2487 3485 Ὑποτάττει
2537 3426 2595 3484 δὲ
2643 3430 2732 3484 καὶ
2782 3430 2811 3483 6
2859 3429 3045 3505 Πατὴρ
3092 3429 3182 3484 καὶ
3231 3431 3259 3485 6
3306 3430 3455 3493 Υἱός
3519 3432 3667 3499 κοινὴ

2178 3519 2379 3598 ἀμφοῖν
2411 3521 2445 3587 ἡ
2480 3518 2740 3594 ἐνέργεια.

2252 3633 2281 3661 ‹‹
2315 3603 2537 3663 Ῥάϐδον
2620 3603 2896 3682 δυνάμεως
2970 3606 3317 3681 έξαποστελεῖ
3373 3630 3469 3666 σοι
3526 3610 3709 3687 Κύριος
3748 3606 3791 3662 ἐκ

2179 3697 2344 3753 Σιών.
2381 3721 2409 3750 ››
2443 3730 2512 3740 -
2540 3698 2602 3753 Ἦ
2657 3692 2857 3773 ῥάϐδος
2912 3701 3020 3753 ποῦ
3077 3698 3172 3771 μὲν
3230 3700 3331 3768 τὴν
3375 3699 3607 3756 κόλασιν
3637 3697 3789 3766 δηλοῖ,

2176 3790 2282 3842 ποῦ
2365 3783 2423 3841 δὲ
2494 3787 2594 3855 τήν
2675 3786 2984 3860 ποίμανσιν,
3041 3792 3147 3842 ποῦ
3203 3785 3262 3843 δὲ
3343 3789 3450 3858 τὴν
3531 3786 3788 3867 βασιλείαν,

2177 3873 2399 3930 ἐνταῦθα
2428 3871 2486 3930 δέ
2512 3876 2611 3944 τήν
2664 3871 2917 3949 δύναμιν.
2950 3875 3186 3949 Δύναμιν
3243 3874 3301 3931 δέ
3349 3898 3492 3955 φησι
3551 3874 3789 3947 δυνάμεως

2172 3964 2274 4033 τὴν
2306 3962 2686 4037 ἐπιτεταμένην
2722 3961 2969 4039 δύναμιν.
3004 3966 3145 4019 Σιὼν
3182 3963 3239 4020 δὲ
3295 3966 3531 4036 νοητέον
3583 3966 3667 4020 τὸν
3713 3962 3787 4017 οὖα

2177 4054 2357 4130 ρανὸν,
2389 4053 2424 4122 ἢ
2455 4054 2546 4107 καὶ
2573 4054 2673 4121 τὴν
2729 4052 2878 4109 κάτω
2930 4053 3318 4131 Ἰερουσαλὴμ,
3350 4055 3480 4120 ὅθεν
3510 4056 3546 4126 ἡ
3575 4060 3670 4110 τῶν
3709 4070 3781 4106 κα-

2173 4143 2542 4218 τορθωμάτων
2598 4139 2825 4216 δύναμις
2857 4139 3058 4218 ἤρξατο
3115 4143 3203 4198 καὶ
3235 4146 3270 4213 ἡ
3299 4148 3402 4199 τοῦ
3457 4143 3777 4220 κηρύγματος-

2252 4254 2273 4282 ι
2309 4231 2455 4285 Μετά
2502 4234 2601 4284 σοῦ
2649 4230 2685 4300 ἡ
2726 4228 2874 4306 ἀρχῆ
2907 4228 2959 4285 ἐν
3010 4230 3190 4307 ἡμέρᾳ
3233 4238 3342 4302 τῆς
3390 4230 3670 4307 δυνάμεώς
3708 4246 3784 4283 σου

2175 4318 2226 4373 ἐν
2282 4324 2403 4381 ταῖς
2462 4317 2815 4395 λαμπρότησι
2868 4324 2977 4375 τῶν
3038 4320 3206 4395 ἀγίων
3260 4341 3377 4377 σου.
3419 4344 3450 4374 ι»
3482 4354 3553 4364 -
3598 4326 3671 4376 Ἐν
3721 4314 3784 4371 σοῖ

2174 4408 2209 4477 ἡ
2246 4404 2512 4483 βασιλεία,
2559 4405 2659 4461 οὐκ
2704 4401 2892 4477 ἔξωθεν
2940 4406 3319 4482 ἐπιγενομένη,
3352 4406 3485 4464 ἀλλ’
3532 4408 3705 4464 ἐνοῦσα
3734 4405 3784 4475 ti

2175 4495 2329 4574 φύσει
2387 4502 2488 4565 τῆς
2548 4495 2802 4566 θεότητός
2856 4516 2974 4553 σου.
3024 4495 3231 4573 Ἡμέρα
3277 4493 3338 4552 δὲ
3388 4495 3668 4569 δυνάμεως
3712 4495 3783 4547 τιὸ

2174 4589 2426 4659 Χριστοῦ,
2460 4583 2550 4639 ὅτε
2595 4590 2768 4639 πᾶσαν
2817 4585 2917 4653 τὴν
2969 4585 3294 4658 οἰκουμένην
3353 4590 3440 4658 τῷ
3489 4586 3668 4657 οἰκειῳ
3713 4602 3784 4637 n-

423 4675 631 4746 λοιώθη
663 4676 801 4747 πρὸς
833 4675 1202 4752 σκληρότητα·
1234 4680 1351 4737 τοῖς
1375 4674 1633 4737 παλαιοῖς
1664 4677 1767 4750 γάρ
1828 4672 1948 4738 ἔθος
1996 4676 2062 4745 ἦν
2096 4664 2144 4729 Ι)
2177 4676 2429 4749 ραστήσει
2464 4674 2693 4750 βήματι,
2725 4672 2815 4729 ὅτε
2844 4674 2902 4728 οἰ
2931 4675 3079 4749 ἅγιοι
3127 4673 3292 4729 αὐτοῦ
3322 4672 3633 4749 λάμψουσιν

423 4764 749 4839 λουομένοις
808 4763 1115 4842 ἀλείφεσθαι
1174 4762 1342 4836 ἐλαίῳ
1398 4763 1488 4818 καὶ
1548 4763 1832 4820 ἀπαλύνειν
1892 4763 2063 4820 ἐντεῦ-

422 4875 508 4910 σεν
540 4855 639 4925 τὴν
676 4854 863 4932 σάρκα.

493 4968 521 4997 ιι
555 4940 685 4999 Οδὲ
742 4942 944 5006 δοῦλός
998 4964 1097 4997 σου
1155 4942 1597 5020 εὐφρανθήσεται.
1657 4966 1685 4995 ››
1745 4976 1802 4986 -
1840 4939 2062 4997 Ὠνείδι-

420 5038 510 5103 ζον
559 5034 661 5110 γάρ
717 5034 807 5089 καὶ
864 5032 1134 5102 ἐνέπαιζον
1197 5030 1341 5104 αὐτῷ
1397 5032 1448 5086 οἱ
1510 5030 1809 5109 μιαιφόνον
1871 5029 1947 5087 ἔτι
2008 5029 2066 5087 δὲ

415 5124 507 5180 καὶ
558 5123 653 5186 τάς
703 5121 942 5202 κεφαλὰς
995 5121 1223 5194 ἐκίνουν,
1284 5120 1554 5197 λέγοντες,
1619 5146 1645 5174 ι(
1677 5122 1734 5175 Ὀ
1778 5119 2063 5176 καταλύων

418 5213 512 5269 τὸν
545 5213 696 5285 ναὸν,
728 5237 757 5265 ››
788 5212 878 5269 καί
906 5212 974 5268 τὰ
1004 5213 1147 5283 ἑξῆς.
1743 5265 1749 5271 ,

495 5328 523 5355 ‹‹
559 5301 1081 5380 Περιπαλλέσθωσαν
1146 5300 1221 5362 ὡς
1297 5296 1555 5355 διπλοΐδα
1624 5298 1885 5376 αἰσχύνην
1966 5300 2065 5354 αύ-

421 5398 553 5450 τῶν.
588 5414 617 5446 ››
647 5425 716 5434 -
765 5392 1056 5447 Γνώτωσαν
1115 5390 1199 5445 ὅτι
1227 5392 1262 5459 ἡ
1300 5389 1527 5466 βοήθειά
1581 5409 1671 5443 σοε
1728 5388 1867 5443 ἐστιν
1928 5389 2061 5460 αὕτη

420 5488 456 5556 ἡ
507 5483 558 5539 ἐν
609 5481 733 5557 ἐμοὶ
786 5480 1122 5558 γενησομένη
1179 5481 1423 5556 βοήθεια,
1456 5479 1546 5533 καὶ
1595 5478 1677 5533 ὅτι
1723 5478 1785 5533 σὺ
1816 5481 1843 5533 6
1875 5479 2061 5553 Πατήρ

420 5571 728 5646 ἐϐοήθησάς
762 5593 855 5647 μοι
887 5571 962 5633 ὡς
1009 5568 1354 5644 ἠγαπημένῳ
1402 5566 1532 5640 Υῖῷ,
1564 5568 1655 5621 καὶ
1705 5566 1770 5621 ού
1812 5564 2063 5644 παρεῖδές

422 5686 489 5745 με
514 5665 588 5729 ὡς
619 5663 875 5728 ἀντίθεον.

484 5780 513 5816 ιι
546 5751 1064 5837 Ἐξομολογήσομαι
1112 5754 1194 5827 τῷ
1250 5746 1431 5829 Κυρίῳ
1489 5742 1695 5829 σφόδρα
1724 5744 1775 5803 ἐν
1810 5750 1890 5822 τῷ
1941 5744 2064 5804 στό.

2174 4765 2264 4819 τὸν
2292 4762 2477 4833 ἥλιον.

2248 4877 2277 4906 ‹‹
2308 4853 2403 4909 Ἐκ
2430 4852 2660 4930 γαστρὸς
2689 4852 2795 4929 πρὸ
2824 4852 3103 4931 έωσφόρου
3134 4850 3390 4928 έγέννησά
3450 4872 3528 4909 σε.
3563 4878 3592 4908 ι»
3621 4883 3683 4895 --
3704 4848 3781 4905 Διὶ

2171 4948 2273 5011 τῆς
2331 4942 2564 5018 γαστρὸς
2619 4942 2718 5010 τήν
2773 4942 3002 5020 φυσικήν
3079 4944 3384 5018 παρέστησε
3468 4939 3778 5019 γνησιότηταθ

2179 5032 2340 5105 μόνος
2391 5032 2495 5106 γὰρ
2527 5031 2555 5084 6
2605 5030 2784 5106 Λόγος
2828 5030 3143 5107 γνησιότητι
3173 5034 3375 5109 φυσικῇ
3405 5032 3534 5095 Υῖός
3565 5031 3669 5086 ἐστι
3708 5028 3778 5081 τοῦ

2174 5122 2328 5174 Θεοῦ.
2362 5119 2459 5172 Διά
2516 5114 2574 5172 δὲ
2622 5123 2719 5173 τοῦ
2759 5117 2929 5174 εἰπεῖν
2987 5120 3094 5197 πρὸ
3151 5120 3432 5198 ἐωσφόρου
3461 5120 3528 5175 τὸ
3584 5120 3775 5195 ἄχρονον

2174 5204 2420 5278 ἐδήλωσε
2446 5212 2550 5276 τῆς
2578 5206 2724 5270 θείας
2750 5211 3068 5284 γεννήσεως.

2244 5297 2507 5369 «Ὠμοσε
2560 5294 2778 5371 Κύριος,
2838 5297 2926 5352 καὶ
2986 5298 3047 5353 οὐ
3107 5298 3637 5373 μεταμεληθήσεται.
3671 5318 3697 5348 n
3739 5293 3777 5344 ⁷0

2178 5386 2272 5461 μὲν
2306 5384 2469 5461 ὅρκος
2494 5386 2595 5454 τὴν
2658 5381 2945 5461 βεϐαίωσιν
3009 5384 3196 5459 δηλοῖ,
3229 5388 3329 5456 νὴν
3388 5382 3690 5460 μεταϐολὴν
3737 5378 3775 5434 ἃ

2173 5478 2208 5544 ἡ
2245 5471 2594 5548 μεταμέλεια,
2625 5476 2915 5549 γινομένην
2948 5474 3221 5539 πολλάκις
3271 5474 3341 5530 δι’
3372 5475 3678 5548 οἰκονομίας
3713 5489 3770 5524 τι·

2172 5562 2282 5624 νός.
2313 5562 2373 5616 Τί
2395 5560 2453 5617 δὲ
2484 5559 2694 5635 ὤμοσεν
2727 5562 2756 5635 6
2786 5562 2952 5632 Θεός;
2988 5564 3063 5619 Σὺ
3103 5564 3278 5641 ἱερεὺς
3342 5564 3417 5625 εἲς
3476 5565 3566 5618 τὸν
3620 5562 3769 5621 αἰῶνι,

2172 5655 2316 5727 ὴμτε
2343 5650 2520 5729 ἀρχὴν
2551 5653 2773 5728 ἡμερῶν
2826 5648 2969 5728 ἔχων
3028 5654 3164 5710 κατὰ
3219 5654 3321 5723 τὴν
3376 5652 3623 5722 θεότητα,
3666 5649 3769 5722 μήτε

2175 5744 2319 5818 ζωῆς
2373 5738 2553 5814 τέλος,
2609 5741 2746 5797 κατὰ
2815 5742 2916 5816 τὴν
2992 5742 3138 5817 τάξιν
3190 5738 3550 5822 Μελχισεδέκ.
3606 5740 3663 5797 Ἦ
3706 5752 3764 5791 τοι
