3998 6410
217 424 362 514 18⁵19.

1414 428 1824 514 Exposmo
1868 450 1945 513 IN
1990 439 2375 512 PSALMOS.

3435 428 3593 515 {374"

212 568 437 662 ἶριστοῦ
465 570 751 660 ἱερωσύνη·
784 572 873 638 καὶ
902 576 1002 660 γὰρ
1033 582 1197 660 ἄρτου
1225 582 1315 638 καὶ
1344 579 1493 639 οἷ’νου
1520 588 1637 645 τοῖς
1681 581 1846 638 αὐτοῦ
1875 587 1929 654 Α
1959 582 2222 659 φάνσεως,
2282 578 2615 654 οἰκονομίας,
2675 574 2801 636 ἀλλ’
2857 579 2919 635 ού
2973 568 3184 643 τελείας
3248 582 3589 656 νομοθεσίας.

216 678 475 747 μαθηταῖς
510 668 780 746 μετέδωκε
805 673 942 727 κατά
967 672 1059 745 τὸν
1092 668 1303 727 δεῖπνον
1332 672 1424 727 τὸν
1460 672 1738 746 μυστικὸν,
1775 672 1848 732 ὡς

212 762 319 824 τοῖς
350 758 473 838 περί
492 760 584 817 τὸν
617 754 871 837 ’Ᾱϐραάμ
899 756 927 816 6
957 754 1317 839 Μελχισεδέκ.

282 849 534 928 «Κύριος
579 849 639 905 ἐκ
685 845 870 922 δεξιῶν
919 862 1034 908 σου.
1070 873 1195 903 ››-
1240 849 1451 922 Βοηθός
1502 870 1587 906 σοι
1631 848 1706 913 ὡς
1758 849 1847 904 ἀν-

216 939 432 1016 θρώπῳ.

281 1051 309 1081 ι(
340 1025 673 1092 Συνέθλασέν
719 1024 773 1083 έν
829 1014 1013 1105 ἧμέρᾴ
1070 1022 1244 1104 ὀργῆς
1293 1026 1458 1082 αὐτοῦ
1509 1024 1772 1104 βασιλεῖς.
1820 1049 1850 1079 ››

316 1108 766 1193 Ἀντιχρονίκῶςῂ
827 1113 879 1193 ἐν
934 1106 1003 1189 τῇ
1076 1120 1178 1185 τῆς
1230 1113 1457 1190 κρίάεως
1512 1115 1613 1192 γὰρ
1670 1112 1853 1191 ἡμέρᾳ

212 1190 666 1281 ὣντμψείτᾱδξ
725 1190 936 1266 ἀσεϐεῖς
996 1200 1240 1281 βασιλεῖς
1299 1199 1350 1258 έν
1406 1190 1535 1265 ταῖς
1584 1190 1854 1258 ἀποτετα-

212 1284 427 1368 γμέναις
456 1288 733 1349 κολάσεσι.
767 1286 946 1363 Δῆλον
976 1286 1035 1347 δέ
1063 1290 1148 1347 6'1:
1175 1290 1267 1347 καὶ
1295 1290 1422 1353 τοὺς
1471 1290 1746 1362 ὑπηκόους
1781 1292 1851 1365 τῇ

216 1376 425 1453 ἀσεϐείᾳ
454 1380 654 1439 αὐτῶν.
1472 1450 1473 1453 η

283 1494 312 1524 ‹‹
339 1475 524 1546 Κρινεῖ
552 1469 604 1526 ἐν
634 1467 752 1533 τοῖς
783 1460 969 1526 ἔθνεσι.
994 1494 1025 1523 ››
1063 1471 1134 1514 -ἱ
1160 1472 1344 1543 Κρινεῖ
1368 1468 1436 1526 τὰ
1463 1464 1611 1541 ἔθνη.

282 1584 310 1613 ‹‹
342 1558 635 1635 Ιῐλήρώσει
665 1558 953 1634 πτώματα.
988 1582 1017 1611 ››
1047 1560 1116 1602 -ι-
1145 1556 1402 1621 Πολλοὺς
1431 1552 1745 1616 καταϐαλεῖ.

282 1671 311 1701 ι(
342 1644 639 1704 Συνθλάσει
685 1644 925 1726 κεφαλὰς
975 1640 1062 1703 ἐπὶ
1108 1642 1213 1723 γῆς
1260 1645 1507 1704 πολλῶν.
1560 1673 1582 1702 ι
1631 1680 1700 1690 --
1749 1648 1852 1704 IIe-

217 1738 573 1816 ριφραστικῶς
605 1735 723 1792 ἀντὶ
751 1730 849 1791 τοῦ
878 1734 1144 1799 πολλούς.

276 1814 304 1878 έ‹
335 1825 429 1879 Ἐκ
460 1822 769 1901 χειμάρρου
821 1824 873 1880 έν
924 1820 1036 1896 ὀδῷ
1082 1822 1282 1895 πίεται,
1331 1814 1421 1879 διά
1464 1828 1625 1879 τοῦτο
1658 1822 1856 1898 ὑψώσει

213 1911 469 1992 κεφαλήν.
502 1936 531 1967 »
586 1945 657 1956 —-
715 1910 1138 1989 ΙΙειρασθήσεται
1195 1913 1285 1968 καὶ
1344 1909 1434 1968 διὰ
1484 1917 1644 1968 τοῦτο
1701 1910 1857 1983 6050:-

224 2005 459 2027 _nJ--__-_
514 2001 815 2027 ---L_..z_!_-
848 2002 944 2027 ηδ-
992 2003 1010 2027 ς
1049 2002 1370 2027 _-_--.__-1-_
1399 1999 1520 2027 $91-
1548 1999 1599 2027 βλ
1626 2003 1645 2027 ς
1673 2002 1855 2027 __--_\-_.

219 2005 486 2075 σθήσεται,
514 2001 816 2080 χείμαῤῥος
846 2002 948 2081 γὰρ
987 2003 1016 2058 6
1046 2002 1370 2078 πειρασμός*
1396 1999 1520 2065 ὁδὸς
1545 1999 1602 2057 δὲ
1623 2003 1650 2056 ὁ
1669 2002 1855 2076 παρὼν

220 2092 354 2168 βίος·
412 2091 570 2154 πόσις
630 2089 689 2146 δὲ
744 2094 780 2161 ἡ
842 2090 1051 2166 μέθεξις
1083 2110 1097 2124 ·
1151 2089 1355 2165 ὕψωμα
1408 2088 1467 2146 δὲ
1528 2091 1774 2170 κεφαλῆς
1829 2091 1857 2146 6

216 2174 501 2255 δοξασμός.

812 2284 1106 2344 ΨΔΛΜΟΞ
1149 2288 1247 2343 PI'.

288 2384 730 2465 «Ἀλληλούϊα.
792 2391 1307 2469 Έξομολογήσομαί
1364 2413 1480 2463 σοι,
1534 2392 1744 2471 Κύριε,
1804 2391 1855 2448 έν

217 2480 316 2558 ὅλῃ
361 2479 558 2559 καρδίᾳ
608 2490 732 2556 μου,
786 2480 839 2537 έν
893 2478 1069 2559 βουλῇ
1118 2481 1310 2538 εὐθέων
1352 2482 1441 2537 καὶ
1491 2485 1796 2557 συναγωγῆ.
1828 2504 1857 2536 ››

218 2571 285 2615 έ-
311 2568 405 2643 Τῷ
433 2570 537 2646 γάρ
572 2571 646 2643 μὴ
680 2568 1096 2645 διεστραμμένῳ
1145 2568 1403 2647 συλλόγῳ
1451 2568 1595 2641 δῆλα
1638 2571 1705 2624 τᾶ
1735 2567 1862 2649 ἔργα

214 2662 311 2733 τοῦ
339 2658 494 2732 Θεοῦ,
527 2660 689 2715 ὁποῖά
739 2658 840 2715 εἰσι
888 2657 954 2714 τά
999 2673 1059 2715 τε
1103 2658 1389 2734 κτίσματα,
1437 2661 1504 2715 τά
1548 2681 1607 2716 τε
1651 2661 1863 2733 θαυμα-

214 2749 415 2826 τουργή
427 2744 586 2823 ματα.

286 2862 314 2891 ι(
372 2834 600 2913 Μεγάλα
671 2838 741 2893 τὰ
816 2834 948 2914 ἔργα
1035 2837 1241 2914 Κυρίου
1274 2881 1290 2908 ,
1349 2835 1713 2912 ἐξεζητημένα
1786 2837 1863 2901 εἷς

218 2918 390 2982 πάντα
437 2927 507 2982 τά
577 2916 861 3000 θελήματα
917 2924 1082 2982 αύτοῦ
1122 2970 1136 2983 .
1197 2951 1227 2979 ››
1283 2959 1353 2970 --
1421 2921 1864 3003 Ἔξηκριϐωμένα

218 3015 294 3080 εἰς
344 3014 516 3079 πάσας
564 3012 661 3078 τᾶς
710 3013 933 3078 ἐντολὰς
979 3014 1164 3087 αὐτοῦ,
1213 3012 1340 3086 ἤτοι
1391 3015 1547 3071 ἱκανᾶ
1593 3013 1715 3070 λίαν
1762 3014 1863 3070 εἰσὶ

223 3096 290 3160 τά
346 3100 475 3181 ἔργα
526 3106 625 3159 τοῦ
680 3107 814 3160 Θεοῦ
868 3104 1265 3181 παρασκευάσαι
1321 3103 1449 3168 τοὺς
1510 3100 1683 3180 ὀρθῶς
1732 3124 1864 3182 φρο-

220 3197 449 3256 νοῦντας
480 3191 557 3256 εἰς
586 3192 650 3248 τὸ
680 3198 857 3248 ποιεῖν
885 3193 953 3248 τὰ
974 3194 1090 3249 θεῖα
1116 3193 1522 3269 προστάγματα.

258 3305 318 3357 ἰι
358 3272 788 3359 Ἐξομολόγησις
842 3282 933 3337 καὶ
994 3279 1436 3359 μεγαλοπρέπεια
1491 3280 1673 3338 αὐτοῦ.
1735 3305 1764 3334 ι)
1793 3314 1864 3325 --

214 3366 331 3427 Πάν
390 3366 548 3447 ἔργον
606 3374 740 3426 Θεοῦ
798 3370 976 3426 ἰκανὸν
1033 3376 1197 3427 κινεῖν
1256 3370 1333 3434 εἰς
1382 3369 1722 3448 εὐχαριστίαν
1767 3370 1856 3426 καὶ

220 3458 609 3537 μεγαλοπρεπῆ
637 3457 835 3515 αἴνεσιν
864 3464 961 3515 τοῦ
989 3462 1318 3533 ποιήσαντος
1349 3460 1498 3517 αύτό.

221 3617 229 3620 ν
289 3535 319 3600 (ξ
349 3535 541 3618 Καὶήῆ
601 3545 908 3618 δικαιοσύνη
963 3546 1126 3604 αύτοῦ
1204 3549 1349 3622 μένει
1404 3548 1480 3610 εἰς
1537 3548 1628 3604 τὸν
1686 3547 1854 3604 αἰῶνα

206 3636 307 3691 τοῦ
335 3635 547 3698 αἰῶνος.
598 3660 628 3690 ››
661 3668 731 3680 —-
779 3636 1101 3712 Ιιαραμυθία
1143 3636 1206 3693 τὸ
1255 3635 1417 3715 ῥητὸν
1466 3642 1584 3701 τοῖς
1631 3634 1849 3692 ἀδικου-

212 3723 417 3799 μένοις.

279 3838 310 3867 ‹‹
337 3804 532 3870 Μνείαν
593 3814 887 3887 ἐποιήσατο
940 3818 1049 3872 τῶν
1103 3814 1412 3890 θαυμασίων
1470 3814 1654 3874 αὐτοῦ.
1705 3838 1735 3868 ››
1783 3846 1853 3857 -

208 3902 284 3959 Οῦ
317 3900 526 3959 διέλιπε
557 3900 1002 3981 θαυματουργῶν.

226 4070 232 4075 υ
287 3992 562 4075 «νΤροφῆν
620 3988 789 4049 ἔδωκε
842 3984 962 4057 τοῖς
1013 3987 1374 4073 φοϐουμένοις
1433 3992 1591 4050 αὐτόν
1626 4037 1640 4050 .
1696 4017 1725 4047 »
1782 4025 1855 4037 —

209 4078 428 4160 Τροφήν
460 4102 586 4137 πνευ
595 4084 846 4156 ματικήν.

285 4171 721 4247 «ιΜνησθήσεται
765 4171 841 4235 εἰς
893 4171 985 4228 τὸν
1045 4171 1214 4228 αἰῶνα
1272 4169 1535 4243 διαθήκης
1589 4172 1772 4229 αὑτοῦ.
1822 4193 1851 4227 ι

188 4257 682 4333 ιρ-Μνημονεύσει
741 4256 1028 4323 διαπαντὸς
1076 4268 1177 4331 τῆς
1247 4259 1383 4335 πρὸς
1432 4255 1683 4337 Ἀϐραὰμ
1737 4258 1854 4316 δια-

207 4346 387 4419 θήκης
420 4395 436 4422 ,
494 4347 633 4404 ὥστε
690 4348 856 4420 αὑτὴν
916 4347 1185 4406 ἐκτελέσαι
1258 4351 1393 4405 κατά
1444 4349 1535 4405 τὸν
1585 4348 1859 4425 πρέποντα

206 4428 432 4511 καιρὸν,
488 4434 578 4492 καὶ
638 4437 690 4493 έν
749 4443 826 4510 τῷ
881 4438 1147 4515 σπέρματι
1201 4442 1300 4495 τοῦ
1357 4432 1628 4515 Ἀϐραὰμ,
1686 4435 1857 4515 ἤγουν

210 4523 267 4579 ἐν
297 4529 380 4597 τῷ
407 4530 643 4601 Χριστῶ,
675 4525 972 4602 εὐλογῆσαι
998 4529 1169 4583 πάντα
1195 4528 1263 4582 10‘:
1289 4524 1439 4598 ἔθνη.

1955 673 2092 745 ’Ὀρα
2148 668 2206 726 δὲ
2261 668 2343 725 ὅτι
2400 669 2461 725 ού
2518 668 2741 731 τελείως
2795 669 3185 743 ἀνετράπησαν,
3218 669 3346 727 ἀλλ’
3389 671 3477 726 ἐπὶ
3531 673 3593 729 τὸ

1962 756 2176 835 βέλτιον
2205 752 2565 835 προήχθησαν
2591 757 2680 812 καὶ
2711 758 2771 813 τὸ
2811 756 3169 834 ὑψηλότερον.

2029 872 2058 900 ‹‹
2090 846 2368 924 Λύτρωσιν
2432 846 2713 903 ἀπέστειλε
2766 850 2846 919 τῷ
2901 846 3020 921 λαῷ
3093 849 3278 909 αὐτοῦ,
3336 864 3364 903 )5
3424 884 3495 895 —
3542 856 3596 907 Ὁ

1958 938 2145 1010 Πατὴρ
2199 937 2291 991 τὸν
2348 937 2467 992 Υἱὸν
2554 934 2918 1013 λυτρούμενον
2992 943 3093 1007 τῆς
3142 936 3447 1013 τυραννίδος
3498 946 3596 997 τοῦ

1961 1020 2222 1082 διαϐόλου
2249 1024 2375 1088 τοὺς
2406 1024 2458 1080 ἐν
2493 1023 2725 1098 ἀληθείᾳ
2754 1025 3119 1102 ἐπεγνωκότας
3148 1023 3329 1085 αὐτόν.

2037 1140 2057 1165 ι
2095 1113 2426 1170 Ἐνετείλατο
2457 1112 2532 1177 εἰς
2572 1114 2662 1170 τὸν
2716 1114 2885 1169 αἰῶνα
2932 1111 3191 1187 διαθήκην
3253 1116 3435 1175 αὐτοῦ.
3474 1144 3495 1172 ι
3529 1153 3599 1164 -

1959 1202 2056 1265 Εἰς
2111 1202 2201 1258 τὸν
2262 1202 2432 1258 αἰῶνα
2488 1200 2647 1258 οὖσαν
2703 1199 2963 1274 διαθήκην
3013 1204 3177 1260 αὐτοῦ
3207 1204 3351 1283 λέγει
3380 1209 3479 1279 τὴν
3513 1208 3598 1265 εὖ-

1961 1290 2127 1368 αγγελ
2136 1293 2223 1363 ική
2228 1313 2254 1345 ν
2265 1332 2278 1346 .

2038 1381 2280 1456 ι”Δγιον
2339 1379 2429 1434 καὶ
2494 1372 2720 1459 φοϐερὸν
2772 1378 2837 1436 τὰ
2892 1375 3066 1455 ὄνομα
3121 1381 3304 1441 αὐτοῦ.
3354 1408 3384 1439 »
3436 1419 3502 1430 —
3547 1391 3602 1443 '0

1962 1467 2190 1546 Χριστὸς
2238 1466 2339 1543 γάρ
2391 1472 2509 1531 τοῖς
2564 1469 2660 1541 μὲν
2726 1467 3035 1547 εἰλικρινῶς
3108 1472 3452 1529 πιστεύσουσι
3502 1476 3597 1531 κά-

1962 1558 2148 1634 θαρσις
2177 1557 2376 1619 παντὸς
2411 1554 2717 1630 μολυσμοῦ,
2747 1562 2864 1620 τοῖς
2913 1559 3193 1623 ἀπιποῦσι
3254 1558 3310 1616 δὲ
3362 1564 3604 1641 τιμωρία

1964 1644 2053 1700 καὶ
2085 1643 2326 1708 κόλασις.

2039 1756 2068 1785 ‹‹
2104 1735 2279 1809 Ἀρχὴ
2339 1733 2529 1811 σοφίας
2584 1729 2754 1813 φόϐος
2808 1735 3028 1810 Κυρίου.
3093 1760 3122 1788 ››
3178 1771 3247 1781 --
3300 1741 3399 1794 Τὸν
3458 1738 3605 1796 στοι-

1965 1822 2253 1898 χειωτικὸν
2311 1815 2477 1900 φόϐον
2535 1823 2668 1900 φησί
2725 1822 2976 1896 θεμέλιον
3036 1825 3167 1881 εἶναι
3216 1829 3314 1896 τῆς
3363 1827 3604 1900 ἀληθοῦς

1966 1909 2177 1989 σοφίας,
2207 1909 2329 1979 ἥτις
2362 1909 2500 1965 ἐστίν
2527 1913 2562 1981 ἠ
2592 1914 2700 1966 τῶν
2733 1911 2889 1975 θείων
2922 1910 3154 1969 ἐντολῶν
3186 1915 3424 1993 φυλακή.

2039 2022 2069 2050 ‹‹
2101 1996 2414 2075 Σύνεσιςγδέ
2459 1996 2632 2074 ἀγαθὴ
2690 2004 2819 2054 πᾶσι
2874 2006 2992 2064 τοῖς
3048 2007 3292 2059 ποιοῦσιν
3350 2005 3600 2077 αὖτήν.ἰ

1966 2119 2036 2130 -
2065 2090 2197 2150 Τοῖς
2229 2082 2610 2164 ἐργαζομένοις
2636 2088 2736 2157 τὴν
2787 2087 2964 2160 ἀληθῆ
3025 2090 3214 2169 σοφίαν
3263 2092 3352 2148 καὶ
3407 2099 3605 2170 γνῶσις

1966 2174 2313 2263 προσγίνεται
2347 2175 2564 2263 ,ἀγαθή
2622 2173 2712 2231 διὰ
2762 2176 2864 2253 γὰρ
2916 2181 3015 2247 τῆς
3061 2183 3169 2235 τῶν
3224 2178 3458 2238 ἐντολῶν
3513 2206 3608 2263 φυ-

1968 2262 2139 2333 λακῆς
2196 2261 2438 2335 θεοειδὴς
2494 2265 2699 2340 γίνεται
2752 2271 2900 2329 νοῦς.
2955 2273 3018 2323 Ἡ
3072 2269 3263 2346 πρᾶξις
3318 2271 3418 2348 γὰρ
3476 2261 3607 2328 θεω-

1969 2352 2085 2429 ρίας
2145 2349 2413 2416 έπίϐασις.
2473 2355 2674 2429 Ἀγαθή
2734 2353 2791 2410 δὲ
2847 2356 2988 2412 εἶπεν
3063 2356 3179 2413 ἐπεὶ
3251 2360 3340 2415 καὶ
3414 2361 3607 2438 γνῶσίς

1969 2441 2079 2498 ἐστι
2109 2443 2339 2519 πονηρὰ,
2372 2443 2447 2505 ὡς
2478 2442 2639 2521 σοφία
2665 2448 2762 2499 τοῦ
2785 2448 3167 2516 κακοποιῆσια.

2041 2536 2160 2587 «Ἦ
2189 2528 2387 2595 αἶ’νεσις
2444 2530 2607 2587 αὐτοῦ
2668 2532 2815 2607 μένει
2872 2533 2948 2597 εἷς
3000 2535 3093 2591 τὸν
3152 2536 3324 2592 αἰῶνα
3378 2543 3475 2594 τοῦ
3517 2540 3607 2595 αἰ-

1970 2624 2128 2684 ῶνος.
2191 2645 2221 2673 ››
2277 2654 2344 2664 -
2401 2622 2464 2677 Ἡ
2519 2620 2751 2695 ὕμνησις
2807 2627 2906 2678 τοῦ
2960 2628 3193 2701 Χριστοῦ
3249 2622 3606 2701 ἀτελεύτητος

1970 2708 2022 2763 ἐν
2056 2708 2268 2785 ούρανῷ
2296 2709 2385 2764 καὶ
2416 2707 2503 2765 έπί
2533 2716 2660 2786 γῆς.

2545 2818 2844 2875 ΨΑΛΜΟΣ
2886 2821 3032 2877 ΡῘΔ’.

2042 2947 2072 2975 ‹‹
2104 2919 2469 2993 ’Δλληλούϊα.
2524 2925 2799 2999 Μακάριος
2849 2926 2980 2999 ἀνὴρ
3037 2927 3066 2981 6
3124 2922 3465 3006 φοϐούμενος
3517 2933 3608 2987 τὸν

1971 3010 2189 3087 Κύριον·
2253 3009 2306 3066 έν
2367 3015 2485 3074 ταῖς
2530 3009 2776 3076 ἐντολαῖς
2840 3013 3003 3069 αὐτοῦ
3052 3016 3273 3088 θελήσει
3322 3016 3546 3097 σφόδρα.
3578 3042 3606 3076 ι

1973 3132 2040 3143 —
2088 3100 2185 3154 Διὰ
2224 3098 2384 3155 τοῦτό
2433 3121 2564 3179 φησι
2615 3102 2876 3176 μακάριον
2927 3103 2990 3158 ού
3033 3106 3126 3160 τὸν
3169 3104 3360 3170 ἁπλῶς
3409 3103 3611 3186 φοϐού-

1978 3209 2131 3262 μενον
2188 3189 2279 3244 τὸν
2340 3189 2490 3260 Θεὸν,
2548 3189 2637 3274 καὶ
2691 3195 2808 3254 τοῖς
2863 3190 3086 3265 δαίμοσι
3130 3194 3230 3270 γὰρ
3291 3191 3523 3274 φοϐερὸς
3583 3199 3613 3255 6

1974 3276 2126 3350 Θεὸς,
2157 3275 2304 3332 ἀλλὰ
2355 3277 2448 3332 τὸν
2508 3273 2846 3356 φοϐούμενον
2902 3281 2993 3336 τὸν
3049 3283 3201 3355 Θεὸν,
3242 3273 3380 3340 ὥστε
3431 3273 3609 3343 ποιεῖν

1970 3367 2066 3428 τὰς
2123 3364 2285 3420 αὐτοῦ
2345 3364 2589 3439 ἐντολὰς,
2644 3367 2734 3422 καὶ
2792 3367 2899 3445 οὐχ
2955 3369 3143 3435 ἁπλῶς
3209 3379 3405 3445 ποιεῖν,
3464 3373 3612 3432 ἀλλὰ

1968 3454 2102 3527 μετά
2157 3453 2483 3532 προθυμίαςσ
2532 3460 2693 3512 τοῦτο
2738 3457 2840 3534 γὰρ
2897 3455 2985 3514 διὰ
3032 3465 3131 3516 τοῦ
3181 3460 3399 3534 θελήσει
3447 3461 3609 3537 δεδή-

1964 3541 2163 3600 λωκεν.

2031 3657 2060 3685 (ι
2094 3632 2319 3688 Δυνατὸν
2372 3632 2424 3688 έν
2481 3636 2548 3708 τῇ
2617 3637 2690 3710 γῇ
2737 3630 2883 3690 ἔσται
2935 3638 2998 3692 τὸ
3054 3640 3268 3717 σπέρμα
3322 3643 3507 3701 αὐτοῦ.
3558 3669 3590 3698 »

1960 3754 2029 3767 -—
2075 3720 2483 3796 Δυναμούμενοι
2529 3722 2581 3778 ἐν
2624 3721 2702 3796 τῷ
2748 3724 2941 3799 κόσμῳ
3000 3727 3179 3802 τούτῳ
3233 3726 3440 3788 ἔσονται
3490 3734 3593 3792 ὑπὸ

1959 3814 2091 3866 Θεοῦ
2149 3811 2284 3866 κατὰ
2354 3814 2461 3866 τῶν
2534 3810 2939 3889 ἐπηρεαζόντων
2998 3817 3051 3872 οἱ
3106 3820 3168 3874 τὸ
3219 3823 3441 3897 γνήσιον
3496 3830 3596 3895 τῆς

1958 3901 2093 3976 πρὸς
2123 3899 2279 3955 αὐτὸν
2307 3900 2624 3973 ὁμοιώσεως
2656 3898 2949 3967 δεικνύντες
2977 3903 3067 3960 διὰ
3092 3911 3189 3963 τοῦ
3224 3909 3449 3986 τρόπου.

2033 4014 2061 4042 ι‹
2093 3989 2253 4044 Γενεά
2306 3988 2499 4044 εὐθέων
2558 3987 3002 4067 εὐλογηθήσεται.
3038 4019 3067 4047 ››
3096 4029 3167 4039 —
3196 3997 3374 4069 Δῆλον
3412 4005 3592 4057 τοῦτο·

1960 4077 2050 4135 καὶ
2100 4077 2204 4155 γὰρ
2259 4082 2328 4153 τῇ
2385 4083 2540 4155 γενεᾷ
2582 4083 2691 4135 τῶν
2751 4077 3192 4159 διεστραμμένων
3239 4087 3339 4143 οὐκ
3367 4087 3597 4147 ἐπαινεῖ-

1960 4189 2048 4224 ται
2079 4169 2108 4223 6
2141 4165 2368 4230 δίκαιος.

2042 4280 2069 4312 α
2098 4256 2235 4329 Δόξα
2285 4257 2375 4313 καὶ
2431 4256 2668 4321 πλοῦτος
2723 4257 2773 4314 ἐν
2804 4265 2883 4333 τῷ
2913 4258 3047 4337 οἰϐιῳ
3076 4263 3260 4324 αὐτοῦ.
3290 4287 3318 4320 υ
3353 4300 3423 4312 -
3463 4267 3600 4340 Δόξα

1964 4346 2110 4424 παρά
2138 4350 2271 4402 Θεοῦ
2303 4345 2391 4402 καὶ
2420 4345 2658 4410 πλοῦτος
2689 4347 2741 4403 ἐν
2773 4349 2989 4426 ἀγαθοῖς
3019 4349 3216 4430 ἔργοις.

2038 4436 2197 4492 «Καὶ
2235 4438 2270 4506 ἡ
2330 4433 2640 4508 δικαιοσύνη
2713 4438 2877 4494 αὐτοῦ
2939 4441 3083 4515 μένει
3143 4443 3219 4507 εἷς
3289 4445 3380 4500 τὸν
3431 4445 3602 4501 αἰῶνα

1964 4530 2061 4583 τοῦ
2092 4525 2306 4589 αἰῶνος.
2342 4550 2461 4578 ››-
2490 4525 2841 4598 Δικαιοσύνην
2871 4528 3019 4606 λέγει
3064 4536 3155 4586 νῦν
3213 4535 3312 4603 τήν
3364 4533 3600 4600 καθόλου

284 4638 316 4666 ‹‹
350 4612 529 4691 ’Ῑσχῦν
558 4608 731 4692 ἔργων
764 4615 927 4671 αὑτοῦ
958 4614 1254 4692 ἀνήγγειλε
1274 4612 1354 4689 τῷ
1374 4614 1492 4689 λαῷ
1522 4617 1703 4673 αὑτοῦ.
1738 4638 1767 4669 »
1790 4649 1860 4660 —
1895 4691 1903 4692 ί
1968 4616 2180 4692 ἀρετήν.

207 4696 282 4758 Τὸ
314 4702 608 4780 ἀνήγγειλε
636 4702 753 4759 ἀντὶ
782 4704 880 4760 τοῦ
911 4701 1257 4782 ἐφανέρωσεν.

214 4796 389 4873 ηγΤοῦ
433 4789 617 4849 δοῦναι
660 4793 844 4857 αὑτοῖς
890 4793 1265 4869 κληρονομίαν
1311 4792 1499 4858 ἐθνῶν.

206 4879 399 4947 δοῦναι
419 4881 603 4945 αὑτοῖς
629 4883 729 4953 τὴν
762 4880 1179 4962 ἐπηγγελμένην
1209 4885 1333 4960 γῆν.

288 4997 317 5024 ‹‹
352 4960 525 5047 ’Ἔργα
582 4972 786 5048 χειρῶν
845 4960 1009 5028 αὐτοῦ
1061 4968 1293 5044 ἀλήθεια
1348 4968 1454 5028 καῖ’
1485 4974 1683 5049 κρίσις.
1735 4999 1757 5029 ιν
1794 5005 1861 5017 —

207 5065 390 5136 Ἔργα
420 5060 583 5116 αὑτοῦ
613 5064 1070 5138 περιφραστικῶς.

286 5172 316 5201 ‹‹
354 5149 547 5207 ΙΙισταὶ
603 5154 768 5205 πᾶσαι
827 5150 881 5204 αἰ
958 5148 1171 5206 ἐντολαὶ
1245 5149 1409 5204 αὐτοῦ
1493 5174 1521 5202 ››
1578 5183 1647 5192 -
1713 5149 1862 5205 Ἐπεὶ

209 5228 430 5309 ἀληθὴς
478 5239 507 5294 6
555 5239 686 5302 Θεὸς
737 5237 827 5295 καὶ
879 5237 1086 5301 δίκαιος
1119 5286 1136 5312 ,
1182 5238 1239 5295 τί
1283 5236 1342 5294 ἂν
1378 5236 1569 5313 ψευδὲς
1609 5238 1645 5309 ἤ
1682 5237 1866 5295 ἄδικον

210 5325 549 5391 ἐντελεῖσθαι
597 5326 736 5383 ὥστε
783 5325 1150 5405 ἀπαράδεκτον
1197 5327 1329 5383 εἶναι
1378 5326 1470 5383 καὶ
1529 5329 1804 5405 ἀνατραπή
1839 5362 1863 5372 -

209 5417 398 5472 σεσθαι
451 5412 689 5495 ὀφείλειν
735 5417 865 5473 αὐτό
916 5436 930 5488 ;
984 5416 1284 5488 ἀξιόπιστοι
1340 5420 1471 5491 γοῦν
1530 5418 1585 5472 αἱ
1649 5416 1866 5474 ἐντολαί

206 5510 314 5563 τοῦ
344 5510 478 5562 Θεοῦ
526 5506 617 5562 καὶ
663 5507 917 5583 πανάγιοι
972 5505 1281 5578 διαπαντὸς,
1332 5504 1663 5569 ἐνταλθεῖσαι
1703 5507 1866 5581 ἀψευ-

211 5592 329 5658 δῶς
372 5595 463 5651 καὶ
522 5594 747 5660 δικαίως
799 5598 958 5671 ὁμοῦ·
1015 5596 1111 5652 κᾶν
1174 5596 1276 5673 γὰρ
1333 5593 1540 5650 πολλαί
1595 5600 1691 5651 τοῦ
1746 5601 1869 5651 Moo-

210 5686 411 5739 σαϊκοῦ
477 5684 648 5760 νόμου
703 5682 949 5766 διαταγαῖ
993 5682 1497 5763 παρηλλάχθησαν,
1553 5682 1697 5740 ἀλλὰ
1741 5705 1867 5763 συγ-

208 5767 568 5840 καταϐάσεως
625 5775 758 5849 ἦσαν
820 5773 1012 5833 ἐκεῖναι
1069 5775 1158 5832 καὶ
1237 5774 1298 5832 οὑ
1365 5770 1662 5846 καθολικῆς
1729 5772 1867 5833 ἀπο-

1539 4820 1561 4847 »
1598 4827 1663 4838 -—
1702 4797 1862 4850 Ὥστε

1887 4691 1936 4757 Ι)
2044 4702 2452 4775 «Ἐξανέτειλεν
2510 4702 2562 4760 ἐν
2622 4704 2797 4762 σκότει
2857 4711 2970 4786 φῶς
3023 4712 3139 4773 τοῖς
3204 4710 3429 4768 εὐθέσιν·
3488 4709 3606 4769 ἐλε-

1968 4796 2152 4868 ήμων,
2212 4793 2301 4848 καὶ
2357 4793 2676 4870 οἰκτίρμων,
2707 4795 2796 4852 καὶ
2855 4793 3079 4861 δίκαιος.
3119 4823 3150 4851 ››
3205 4833 3277 4844 --
3323 4798 3604 4875 Ἐλαμώεν

1969 4881 2021 4939 ἐν
2077 4886 2158 4955 τῷ
2216 4881 2391 4938 σκότει
2448 4887 2555 4938 τῶν
2612 4891 2924 4962 πειρασμῶν
2985 4886 3270 4964 ἀναψυχῆς
3315 4895 3432 4953 τοῖς
3472 4891 3608 4965 ὀρθὰ

1970 4975 2256 5051 φρονοῦσιν
2315 4971 2343 5026 6
2393 4970 2644 5046 ἐλεήμων
2701 4973 2790 5029 καὶ
2840 4973 3138 5052 οἰκτίρμων
3191 4978 3280 5032 καὶ
3340 4975 3548 5042 δίκαιος
3578 4978 3608 5035 6

1971 5059 2122 5123 Θεός.

2049 5173 2071 5204 ι
2106 5149 2351 5226 Χρηστὸς
2409 5148 2544 5226 ἀνὴρ
2602 5151 2631 5205 6
2686 5149 2983 5227 οἶκτίρμων
3042 5155 3131 5210 καὶ
3175 5160 3407 5233 κιχρῶν.
3464 5181 3494 5211 ››
3540 5190 3610 5202 -—-

1971 5272 2042 5284 —
2068 5239 2125 5291 Ὁ
2156 5233 2358 5312 δωρεὰν
2393 5234 2574 5302 διδοὺς
2603 5244 2721 5303 τοῖς
2764 5238 3009 5318 ἀπόροις,
3041 5242 3133 5299 καὶ
3191 5243 3444 5317 δανείζων
3491 5252 3608 5311 τοῖς

1972 5327 2242 5406 χρῄζουσι
2274 5323 2506 5384 δανείου.

2051 5439 2074 5467 ι
2105 5416 2467 5487 Οἷ’κονομήσει
2519 5415 2646 5480 τοὺς
2705 5414 2901 5495 λόγους
2959 5420 3121 5477 αὐτοῦ
3169 5421 3220 5478 ἐν
3258 5423 3449 5501 κρίσει.
3483 5450 3512 5478 ››
3543 5458 3612 5469 -

1975 5502 2045 5559 0'
2237 5501 2315 5557 ’θλ
2425 5525 2447 5540 ρ
2823 5508 2835 5525 ‘
3319 5511 3333 5535 ’
3407 5516 3436 5529 ‘
3580 5516 3608 5528 "

2018 5526 2143 5567 υτος
2202 5524 2256 5558 ευ
2296 5524 2445 5567 ιτου..
2502 5507 2724 5576 ποιήσει
2778 5528 2875 5571 τας
2934 5508 3236 5589 ἀπολογίας
3275 5535 3439 5569 αυτου
3465 5512 3516 5568 έν
3542 5534 3611 5588 τῃ

1979 5592 2257 5668 μελλούσῃ
2284 5592 2477 5666 κρίσει,
2508 5597 2803 5669 τουνέστιν,
2837 5597 2898 5651 οὐ
2935 5598 3465 5674 καταδικασθήσεται.

2047 5708 2076 5737 ιι
2103 5685 2221 5738 "01:
2282 5680 2358 5745 εἷς
2406 5682 2494 5737 τὸν
2543 5682 2715 5740 αἰῶνα
2761 5685 2824 5740 ού
2874 5689 3279 5763 σαλευθήσεται.
3313 5713 3343 5743 »
3378 5721 3441 5734 -
3490 5690 3612 5748 ’Ότι

1977 5770 2264 5837 διαπαντὸς
2322 5769 2614 5839 ἀσάλευτος
2670 5780 2818 5849 μενεῖ
2866 5781 2963 5836 τοῦ
3022 5777 3185 5865 ὄρθου
3265 5780 3614 5863 φρονήματος
