3998 6422
373 386 529 445 1575

1615 380 2041 449 NICEPHORI
2088 376 2525 469 BLEMMIILE

3615 380 3770 446 151B

368 520 472 586 τῆς
525 512 601 578 εἰς
649 518 776 571 Θεὸν
829 516 1209 587 πεποιθήσεως
1255 517 1343 571 καὶ
1400 524 1501 587 τῆς
1555 519 1838 593 θεαρέστου
1897 513 2015 570 δια·
2282 539 2307 565 ›ι
2369 547 2438 557 —-
2491 513 2645 570 Οὕτω
2695 513 3029 574 συντεέκτίον,
3086 516 3176 577 Τίς
3222 516 3295 579 ὡς
3343 516 3541 592 Κύριος
3585 518 3616 571 ὁ
3647 519 3774 579 Θεὸς

378 614 596 683 γωγῆς-

448 721 476 749 ‹‹
510 695 604 757 Εἰς
641 692 985 768 μνημόσυνον
1034 694 1248 750 αἰώνιον
1300 693 1445 750 ἔσται
1491 693 1721 759 δίκαιος.
1758 722 1779 750 ι
1823 728 1895 739 -
1925 694 2023 749 Διά

378 785 482 862 γὰρ
526 785 619 846 τάς
671 783 865 859 ἀρετάς
914 783 1079 838 αὐτοῦ
1131 787 1355 858 μνήμης
1415 788 1674 861 τυγχάνει
1740 782 2019 854 διηνεκοῦς

371 872 516 948 παρά
542 893 602 928 τε
629 870 746 944 Θεῷ
769 872 859 926 καὶ
887 878 1004 935 τοῖς
1038 878 1290 950 φρονοῦσι
1316 874 1383 928 τὰ
1410 878 1505 928 τοῦ
1536 878 1691 930 Θεοῦ.

439 986 468 1014 ‹‹
505 960 640 1017 ’Λπό
713 961 882 1029 ἀκοῆς
946 968 1191 1037 πονηρᾶς
1261 962 1324 1017 ού
1389 957 1779 1040 φοϐηθήσεται.
1853 987 1881 1015 »ι
1949 996 2017 1004 —

374 1050 512 1108 Ἀπὸ
559 1047 813 1126 ἀγγελίας
858 1044 1025 1127 φόϐον
1085 1050 1379 1124 ἐμποιῆσαι
1448 1047 1745 1124 δυναμένης
1792 1049 1854 1106 ού
1904 1048 2017 1105 δει-

372 1138 570 1195 λιάσει.

442 1254 470 1281 ‹‹
501 1230 845 1303 Ἐστήρικται
895 1230 929 1297 ἡ
988 1227 1185 1304 καρδία
1252 1228 1435 1302 αὐτοῦ,
1496 1228 1558 1283 ού
1628 1230 1705 1302 μὴ
1775 1224 2017 1307 φοϐηθῇ,

374 1312 478 1380 ἔως
537 1316 599 1371 οὗ
649 1314 805 1391 ἐπίδῃ
852 1316 940 1371 ἐπὶ
988 1316 1113 1379 τοὺς
1164 1316 1396 1393 ἐχθροὺς
1447 1319 1630 1374 αὐτοῦ.
1668 1341 1695 1368 ››
1735 1350 1801 1359 —-
1830 1316 1903 1371 Οὐ
1939 1319 2015 1389 μή

378 1400 595 1483 φοϐηθῇ
623 1403 728 1467 ἕως
779 1402 838 1459 ἄν
877 1402 1034 1480 ἐπίδῃ
1077 1405 1165 1460 ἐπὶ
1214 1405 1342 1468 τοὺς
1399 1405 1687 1476 αἰσθητοὺς
1742 1405 1830 1459 καὶ
1885 1427 2015 1474 νοη-

373 1495 504 1557 τοὺς
535 1493 765 1569 ἐχθροὺς
795 1494 957 1549 αὐτοῦ
987 1494 1029 1549 ἃ
1050 1494 1343 1563 πείσονται,
1373 1494 1573 1567 πολλῷ
1621 1492 1832 1567 μᾶλλον
1893 1492 2018 1549 οὐδὲ

380 1583 516 1656 μετά
566 1587 753 1638 ταῦτα’
813 1583 1076 1661 γραφιίιὸν
1134 1584 1237 1659 γὰρ
1296 1580 1501 1657 ἰδίωμα
1544 1586 1607 1639 τὸ
1654 1583 1721 1637 τὰ
1761 1581 2014 1637 συννοού-

377 1692 511 1745 μενα
540 1676 914 1747 παρασιωπᾷν.

444 1785 474 1814 ‹‹
503 1760 878 1833 Ἐσκόρπισεν,
909 1756 1077 1815 ἔδωκε
1106 1767 1220 1815 τοῖς
1276 1763 1523 1830 πένησιν.
1549 1782 1575 1813 ι
1610 1794 1678 1802 --
1708 1762 1779 1815 Τὸ
1826 1759 2011 1833 ἐσκόρ-

364 1871 489 1905 πισε
540 1852 641 1921 τήν
692 1871 752 1904 τε
803 1856 904 1919 τῆς
976 1847 1310 1924 μεταδόσεως
1386 1850 1627 1928 ἐμφαίνει
1705 1847 2010 1923 δαψίλειαν,

363 1939 545 1994 καὶτὸ
602 1939 804 2015 σπορὰν
865 1938 998 1993 εἶναι
1050 1939 1148 2006 τήν
1199 1936 1596 2011 ἐλεημοσύνην,
1645 1940 2013 2012 ἀποταμιευο-

374 2028 535 2100 μένην
566 2031 644 2098 τῷ
674 2025 1018 2103 ἐργαζομένῳ
1046 2027 1136 2081 τὸν
1162 2026 1430 2102 ἀνάλογον
1463 2027 1737 2104 θερισμόν.

438 2138 467 2167 ‹‹
498 2117 561 2172 Ἥ
620 2113 932 2185 δικαιοσύνη
990 2115 1155 2169 αὐτοῦ
1217 2116 1361 2188 μένει
1422 2117 1497 2178 εἰς
1552 2117 1643 2171 τὸν
1688 2116 1859 2170 αἰῶνα
1912 2119 2010 2169 τοῦ

363 2204 584 2267 αἰῶνος·
628 2206 692 2271 τὸ
741 2203 899 2281 κέρας
939 2203 1102 2258 αὐτοῦ
1166 2205 1506 2278 ὑψωθήσεται
1572 2205 1621 2259 ἐν
1674 2201 1819 2278 δόξῃ.
1872 2228 1901 2256 ››
1942 2237 2009 2247 -

361 2292 715 2363 Δικαιοσύνην
762 2292 983 2347 ἐνταῦθα
1037 2295 1135 2362 τήν
1198 2292 1573 2366 ἐλεημοσύνην
1632 2294 1781 2371 φησί·
1840 2294 2006 2365 κοινῷ

359 2384 465 2459 γὰρ
516 2381 741 2455 ὀνόματι
790 2387 960 2436 πᾶσαν
1003 2382 1197 2458 ἀρετὴν
1244 2379 1589 2454 δικαιοσύνην
1637 2379 1751 2436 οἶδε
1796 2381 2003 2452 καλεῖν,

361 2471 439 2534 ὡς
469 2470 816 2546 ἐκπλήρωσιν
871 2470 1115 2541 ἐντολῆς.
1150 2471 1364 2526 Δίκαιον
1423 2472 1525 2547 γὰρ
1581 2472 1709 2533 τοὺς
1770 2470 2000 2547 βροτοὺς

363 2558 671 2634 ἐκπληροῦν
727 2561 795 2615 τά
865 2565 962 2614 τοῦ
1034 2561 1303 2615 Δεσπότου
1370 2558 1699 2632 ἐντάλματα,
1755 2560 1845 2613 καὶ
1917 2558 2001 2613 ὅτι

364 2695 377 2708 .
412 2692 425 2704 .
463 2694 476 2707 .
509 2655 748 2705 αιοῦνται
808 2646 1025 2705 δύναται
1082 2650 1219 2705 κατᾶ
1271 2651 1369 2719 τήν
1421 2647 1727 2723 μέλλουσαν
1758 2650 1929 2723 κρίσιν
1961 2651 1995 2718 ἡ

364 2739 528 2815 ἆρετή
585 2740 675 2793 τὸν
735 2736 964 2815 ἐργάτην
1021 2738 1207 2808 αὐτῆς.
1262 2739 1360 2794 Καὶ
1428 2740 1540 2812 ἅμα
1611 2738 1743 2815 φησὶ
1819 2735 1998 2792 δίκαια

359 2828 427 2883 τά
469 2832 567 2883 τοῦ
611 2832 744 2883 Θεοῦ
793 2829 1184 2904 προστάγματα
1247 2828 1545 2901 σύμπαντα,
1600 2828 1660 2889 ὃς
1710 2824 1775 2896 δὴ
1836 2825 1993 2881 αύτο-

358 2914 671 2987 δικαιοσύνη
705 2917 864 2973 ἐστίν.

429 3030 459 3058 ‹‹
492 3004 850 3082 Ἀμαρτωλὸς
920 3002 1105 3079 ὄψεται
1174 3006 1265 3060 καὶ
1347 3005 1740 3081 ὀργισθήσεται.
1819 3028 1846 3054 ››
1925 3036 1991 3046 -

349 3093 623 3171 Ἔλεγχον
662 3102 762 3163 τῆς
811 3094 1009 3169 οἰκείας
1056 3095 1437 3169 ἀπανθρωπίας
1484 3095 1583 3162 τὴν
1635 3098 1731 3147 τοῦ
1780 3090 1989 3148 δικαίου

349 3185 545 3261 κρίνων
574 3183 1000 3262 φιλανθρωπίαν.

421 3272 609 3335 «Τοὺς
660 3270 883 3335 ὀδόντας
931 3272 1093 3327 αὐτοῦ
1145 3270 1323 3349 βρύξει
1371 3271 1461 3326 καὶ
1516 3274 1823 3341 τακήσεται.
1860 3295 1889 3322 ››
1923 3303 1988 3313 -
2019 3273 2061 3339 C

349 3362 533 3439 Βρύξει
597 3363 690 3435 μὲν
743 3363 842 3430 τὴν
901 3359 1048 3417 ἔνδον
1097 3359 1292 3431 ὀδύνην
1352 3358 1580 3422 δεικνύς·
1614 3359 1675 3414 ού
1704 3357 1889 3433 τολμᾷ
1936 3357 1993 3414 δὲ

356 3452 700 3527 φθέγξασθαι·
762 3451 1098 3529 φραττούσης
1156 3450 1319 3505 αὐτοῦ
1373 3450 1436 3504 τὸ
1493 3449 1667 3522 στόμα
1722 3456 1820 3519 τῆς
1868 3448 1990 3524 ἀρε-

349 3548 452 3610 τῆς
480 3545 560 3613 τῷ
588 3539 766 3619 φθόνῳ
792 3542 1101 3611 τακήσεται.

421 3628 775 3701 «Ἐπιθυμία
852 3625 1183 3703 άμαρτωλοῦ
1258 3627 1560 3683 ἀπολεῖται.
1638 3652 1665 3677 n
1728 3660 1791 3668 —
1863 3632 1994 3680 Συν-

354 3714 658 3772 απόλλυται
690 3718 793 3791 γὰρ
821 3722 939 3779 τοῖς
986 3715 1445 3789 ἐπιθυμουμένοις
1491 3715 1774 3791 πράγμασι
1823 3726 1991 3793 φθαρ-

348 3811 465 3869 τοῖς
517 3806 653 3860 οὗσι·
712 3804 859 3869 τίνος
918 3807 1023 3882 γάρ
1079 3810 1185 3860 τῶν
1248 3806 1535 3882 ἀφθάρτων
1592 3804 1917 3877 ἐπιθυμησει
1963 3806 1992 3857 ὁ

357 3892 682 3971 ἁμαρτωλός
709 3915 723 3963 ;

933 4089 1227 4138 ΨΑΛΜΟΣ
1269 4085 1412 4140 Ρ1Β’.

428 4217 848 4290 «Ἄλληλούϊα.
924 4218 1152 4287 Αἰνεῖτε,
1222 4214 1432 4289 παῖδες⁷
1505 4216 1720 4291 Κύριον’
1801 4214 1995 4269 αἰνεῖτε

356 4312 416 4365 τὸ
473 4306 647 4383 ὅνομα
702 4309 920 4386 Κυρίου.
956 4332 985 4360 ››
1033 4341 1102 4350 —
1148 4304 1348 4368 Παῖδας
1393 4306 1517 4369 τοὺς
1576 4304 1806 4366 δούλους
1862 4302 1996 4358 ὠνό-

358 4420 540 4472 μασεν.

424 4512 452 4540 ‹‹
483 4486 585 4559 Εἴη
618 4488 680 4542 τὸ
711 4483 885 4560 ὄνομα
932 4485 1129 4562 Κυρίου
1179 4484 1547 4561 εὐλογημένον
1598 4484 1705 4538 ἀπὸ
1750 4486 1848 4537 τοῦ
1899 4485 1990 4536 νῦν

351 4578 442 4632 καὶ
495 4575 601 4639 ἕως
657 4581 755 4631 τοῦ
811 4575 1031 4637 αἰῶνος.
1064 4600 1091 4627 ››
1125 4608 1191 4618 --
1240 4574 1337 4628 Καὶ
1396 4573 1582 4649 λόγοις
1638 4572 1727 4627 καὶ
1786 4570 1990 4648 ἔργοις,

355 4664 685 4737 δοξαζόντων
718 4668 880 4738 ἡμῶν
907 4665 998 4718 τὸν
1031 4664 1181 4720 Θεόν.

426 4782 453 4807 ‹‹
488 4755 620 4812 Ἀπὸ
678 4753 957 4808 ἀνατολῶν
1008 4752 1174 4822 ἡλίου
1236 4751 1400 4828 μέχρι
1447 4749 1664 4824 δυσμῶν
1696 4749 1900 4804 αἰνετὸν
1931 4748 1994 4803 τὸ

356 4839 531 4918 ὄνομα
588 4844 805 4920 Κυρίου.
852 4866 881 4894 ››
924 4874 995 4883 -—-
1041 4841 1151 4895 Οὐκ
1208 4839 1258 4895 ἐν
1319 4840 1647 4913 Παλαιστίνῃ
1699 4837 1883 4910 μόνον·
1932 4837 1994 4891 τὸ

354 4932 696 5007 παγκόσμιον
729 4932 832 5008 γάρ
864 4929 1222 5007 προαγορεύει
1251 4932 1524 5005 κήρυγμα.

431 5045 452 5074 ι
486 5021 723 5096 Ὑψηλὸς
781 5019 868 5075 ἐπὶ
925 5020 1096 5074 πάντα
1152 5020 1218 5073 τά
1270 5015 1395 5087 ἔθνη
1469 5018 1684 5093 Κύριος,
1741 5016 1831 5070 καὶ
1909 5013 1995 5069 ἐπὶ

356 5108 613 5186 οὐρανοὺς
668 5112 703 5180 ἡ
761 5107 887 5179 δόξα
943 5107 1127 5163 αὐτοῦ.
1178 5131 1207 5158 ››
1264 5139 1330 5151 --
1389 5104 1596 5180 Ὑψηλά
1653 5104 1993 5183 φρονούντων

356 5199 444 5252 καὶ
477 5194 914 5272 δογματιζόντων
946 5196 1069 5273 περὶ
1100 5194 1264 5250 αὐτοῦ
1292 5200 1399 5250 τῶν
1434 5194 1619 5250 ἐθνῶν.

430 5310 458 5339 ι(
490 5285 578 5347 Τίς
633 5286 707 5347 ὡς
768 5286 961 5361 Κύριος
994 5286 1021 5339 ὁ
1053 5284 1182 5346 Θεὸς
1238 5284 1438 5357 ἠμῶν;
1473 5307 1494 5333 ιι
1529 5316 1596 5323 ——
1641 5285 1810 5336 Τοῦτο
1858 5281 1997 5357 πρὸς

357 5373 564 5452 χλεύην
594 5378 699 5428 τῶν
732 5371 1099 5446 ψευδωνύμων
1132 5372 1320 5428 ἐθνῶν.

430 5488 458 5515 ‹‹
491 5464 547 5516 Ὃ
587 5461 638 5516 ἐν
699 5460 932 5533 ὑψηλοῖς
979 5466 1266 5518 κατιοκῶν.
1325 5485 1353 5512 ››
1414 5493 1483 5503 --
1535 5465 1702 5514 Τοῦτο
1764 5456 1851 5513 διὰ
1903 5460 1998 5520 τὰς

359 5550 639 5628 οὐρανίους
694 5547 945 5621 δυνάμεις
1014 5554 1108 5611 τας
1178 5548 1505 5623 ὁλοκλήρως
1564 5547 1877 5625 ἐνεργούσας
1932 5548 1996 5602 τὸ

360 5639 490 5712 θελη
503 5661 575 5715 μα
601 5642 699 5695 τοῦ
730 5641 883 5705 Θεοῦ,
917 5636 1031 5692 ἐπεὶ
1053 5638 1116 5693 τὸ
1145 5643 1294 5694 Θεῖον
1329 5637 1752 5714 ἀπερίγραπτον.

427 5754 454 5789 ι(
486 5736 529 5786 Κ
572 5728 590 5786 ὶ
638 5728 705 5786 τὰ
748 5725 975 5784 ταπεινὰ
1020 5725 1226 5809 ἐφορῶν
1273 5725 1324 5785 ἐν
1353 5725 1434 5806 τῷ
1473 5725 1684 5804 οὐρανῷ
1711 5728 1799 5785 καὶ
1832 5727 1885 5785 ἐν
1925 5731 1995 5804 τῇ

2101 3579 2175 3642 ὡς
2233 3579 2384 3656 ἀρνία
2451 3572 2736 3655 προϐάτων
2775 3620 2788 3633 .

2100 3672 2392 3738 τηνικαῦτα
2421 3672 2595 3743 χαρᾶς
2626 3663 2715 3720 διὰ
2740 3664 2945 3720 τούτων
2974 3663 3283 3719 αἰνίττεται.

2132 606 2292 675 ἡμῶν
2325 603 2375 657 ἐν
2405 608 2483 675 τῷ
2510 607 2719 681 οὐρανῷ
2746 606 2834 659 καὶ
2866 604 2916 660 ἐν
2948 609 3016 678 τῇ

2203 718 2227 743 ‹‹
2260 698 2315 746 Ὀ
2372 692 2590 768 ἐγείρων
2650 693 2755 748 ἀπὸ
2798 701 2904 768 γῆς
2953 694 3201 770 πτωχὸν,
3257 695 3348 749 καὶ
3397 696 3504 750 ἀπὸ
3548 695 3781 771 κοπρίας

2128 782 2345 856 ἀνυψῶν
2390 782 2614 851 πένητα.
2648 808 2677 834 ››
2726 816 2795 825 -
2826 784 2921 838 Διά
2970 790 3076 859 γῆς
3122 783 3214 838 καὶ
3253 791 3355 854 τῆς
3398 783 3640 861 κοπρίας
3685 786 3782 854 τήν

2129 867 2397 926 εὐτέλειαν
2430 868 2614 942 δηλοῖ.

2202 965 2360 1015 «Τοῦ
2390 960 2597 1016 καθίσαι
2653 961 2809 1016 αὐτὸν
2855 962 2986 1036 μετά
3032 961 3331 1037 ἀρχόντων,
3392 963 3530 1035 μετά
3571 964 3779 1039 ἀρχόν-

2125 1070 2233 1104 των
2279 1053 2377 1103 τοῦ
2426 1049 2561 1105 λαοῦ
2608 1048 2790 1105 αύτοῦ.
2844 1076 2870 1102 ››
2921 1084 2988 1093 —
3035 1054 3194 1106 ”Ωστε
3244 1048 3498 1127 σύνεδρον
3542 1060 3775 1121 ποιῆσαι

2125 1137 2214 1192 καὶ
2262 1138 2529 1211 ὁμότιμον
2577 1143 2693 1200 τοῖς
2743 1140 2971 1215 ἄρχουσι
3039 1144 3135 1194 τοῦ
3186 1140 3272 1194 ὑπ’
3316 1139 3481 1195 αὐτοῦ
3529 1139 3775 1196 κτισθὲν-

2124 1248 2219 1289 τος
2275 1226 2429 1283 λαοῦ.
2492 1234 2705 1283 Νοεῖται
2764 1225 2822 1283 δὲ
2875 1230 2938 1283 τὸ
2987 1228 3147 1304 ῥητὸν
3195 1228 3284 1283 καὶ
3331 1228 3419 1284 ἐπὶ
3450 1234 3552 1285 τοῦ
3584 1230 3647 1285 ἐκ
3672 1237 3773 1299 τῆς

2124 1321 2231 1371 τῶν
2276 1319 2457 1371 παθῶν
2502 1316 2720 1389 ἀτιμίας
2770 1317 3075 1390 ὑψωθέντος
3118 1317 3207 1372 καὶ
3252 1323 3368 1379 τοῖς
3431 1317 3775 1381 ἀποστόλοις

2128 1403 2378 1477 ἰσοτίμου
2406 1405 2685 1481 γεγονότος
2717 1404 2855 1461 λαοῦ
2885 1406 3110 1461 ἐθνικοῦ.

2196 1518 2224 1545 ‹‹
2282 1499 2337 1547 '0
2411 1495 2727 1563 κατοικίζων
2804 1494 3011 1571 στείραν
3083 1493 3134 1548 ἐν
3206 1493 3341 1569 οἴκῳ
3408 1498 3627 1572 μητέρα
3686 1496 3778 1551 ἐπὶ

2122 1582 2327 1646 τέκνοις
2384 1583 2888 1661 εύφραινομένην.»
2933 1617 2999 1626 -
3055 1585 3111 1637 Ὁ
3166 1585 3263 1653 τήν
3323 1585 3537 1661 στείραν
3594 1590 3775 1640 ποιῶν

2125 1672 2289 1727 οἰκεῖν
2324 1672 2374 1727 ἐν
2435 1672 2570 1745 οἷ’κῳ
2631 1673 2856 1749 μητέρα.
2903 1677 3069 1727 Τοῦτο
3118 1670 3177 1727 δὲ
3219 1672 3309 1727 καί
3355 1672 3442 1728 ἐπὶ
3490 1681 3598 1743 τῆς
3649 1676 3777 1729 Ἐκ-

2121 1758 2353 1831 κλησίας
2407 1756 2759 1834 λαμϐάνεται.
2817 1762 2974 1816 Οἴκον
3031 1759 3089 1817 δὲ
3142 1760 3269 1824 τοὺς
3336 1762 3578 1826 οἰκείους
3635 1785 3776 1835 νοη-

2118 1871 2260 1907 τεον.

2703 2017 2998 2068 ΨΑΛΜΟΣ
3039 2017 3156 2067 PII"
3165 2054 3177 2066 .

2192 2177 2219 2202 ‹‹
2268 2152 2609 2223 Ἀλληλούϊα
2644 2172 2655 2184 ’
2711 2153 2762 2207 ἐν
2821 2150 2988 2226 ἐξόδῳ
3043 2150 3265 2228 Ἰσραὴλ
3322 2152 3374 2223 ἐξ
3429 2153 3714 2229 Αἰγύπτου
3752 2200 3770 2223 ,

2116 2239 2267 2297 οἴκου
2325 2237 2515 2296 Ἰακὼϐ
2572 2241 2631 2296 ἐκ
2679 2241 2813 2296 λαοῦ
2868 2235 3179 2316 βαρϐάρου,
3236 2241 3459 2317 ἐγενήθη
3525 2241 3772 2298 Ἰουδαία

2114 2330 2350 2406 ἁγίασμα
2405 2329 2590 2400 αὐτοῦ,
2642 2327 2860 2405 Ἰσραὴλ
2923 2329 3131 2399 ἐξουσία
3188 2329 3374 2386 αὐτοῦ.
3425 2352 3456 2380 ››
3507 2365 3578 2374 -—
3611 2334 3771 2388 Mati

2111 2420 2173 2474 τὸ
2230 2417 2482 2492 ἐξελθεῖν,
2536 2419 2690 2497 φησὶ,
2748 2418 2876 2481 τοὺς
2932 2417 3268 2492 Ἰσραηλίτας
3326 2418 3378 2489 ἐξ
3434 2419 3766 2493 Αἰγύπτου,

2109 2509 2197 2564 καὶ
2246 2510 2308 2563 τὸ
2362 2510 2517 2585 γένος
2563 2512 2658 2563 τοῦ
2716 2502 2905 2562 Ἰακὼϐ
2955 2506 3005 2577 ἐξ
3060 2505 3243 2571 ἔθνους
3302 2511 3400 2562 τοῦ
3457 2508 3769 2583 Αἰγυπτια-

2106 2603 2204 2653 κοῦ
2253 2598 2459 2673 ἐγένετο
2498 2600 2533 2667 ἠ
2590 2594 2921 2667 Παλαιστίνη
2984 2596 3235 2669 ἀνάθημα
3277 2601 3356 2669 τῷ
3400 2602 3541 2668 Θεῷ,
3591 2599 3685 2652 καὶ
3731 2600 3760 2653 ὁ

2108 2685 2501 2763 Ἰσραηλιτικδς
2568 2686 2700 2748 λαὸς
2776 2684 3210 2758 ἐξουσιαζόμενος
3271 2686 3358 2740 ὑπ’
3415 2685 3585 2741 αὐτοῦ
3644 2689 3762 2741 κατ’

2106 2776 2371 2832 οῗκείωσιν
2382 2821 2393 2833 .

2176 2891 2203 2917 ‹‹
2234 2868 2294 2920 Ἡ
2350 2864 2588 2920 θάλασσα
2644 2862 2750 2919 εἶδε
2804 2864 2893 2917 καὶ
2950 2862 3154 2941 ἔφυγεν.
3198 2887 3226 2914 ››
3277 2896 3349 2905 —-
3394 2864 3461 2918 ἹΙ
3522 2864 3752 2941 Ἐρυθρᾶ

2102 2954 2340 3020 θάλασσα
2397 2952 2535 3029 ἔγνω
2592 2952 2900 3028 άπόῤῥητος
2956 2954 3053 3021 τήν
3115 2952 3257 3016 θείαν
3315 2950 3552 3025 δύναμιν
3589 2996 3605 3021 ,
3662 2955 3750 3009 καὶ

2100 3042 2338 3121 διῃρέθη.
2371 3045 2441 3098 Τὸ
2468 3045 2639 3118 τάχος
2670 3040 2727 3097 δὲ
2774 3049 2871 3111 τῆς
2922 3039 3229 3117 διαιρέσεως
3281 3038 3373 3096 διὰ
3417 3046 3520 3096 τοῦ
3570 3041 3741 3119 ἔξυγεν

2100 3131 2267 3204 ὑπεδή
2278 3133 2447 3189 λωσεν
2457 3178 2469 3190 .

2171 3247 2201 3275 ‹‹
2233 3223 2331 3277 Καὶ
2389 3221 2472 3292 σὺ,
2531 3217 2799 3295 Ἰορδάνη,
2858 3219 2939 3275 ὅτι
2986 3218 3325 3297 ἐπεστράφης
3378 3219 3457 3283 εἰς
3508 3221 3579 3275 τὰ
3628 3220 3749 3276 ὀπί-

2100 3334 2177 3367 σω
2213 3332 2226 3381 ;
2260 3336 2288 3363 ››
2319 3344 2389 3354 -—
2430 3311 2551 3366 Ἐπὶ
2600 3312 2781 3381 Ἰησοῦ
2830 3308 2918 3364 ὅτε
2967 3308 3271 3384 ἀνεχαίτισε
3315 3309 3381 3363 τὸ
3430 3308 3614 3385 ῥεῦμα
3662 3311 3754 3365 αὖ-

2098 3423 2217 3458 του.

2175 3515 2203 3541 ((
2232 3491 2306 3544 Τά
2335 3486 2437 3565 ὅρη
2469 3487 2549 3543 ὅτι
2595 3488 2941 3563 ἐσκιρτήσατε
2989 3485 3116 3541 ὡσεὶ
3146 3486 3313 3561 κριοὶ,
3356 3486 3449 3541 καὶ
3484 3489 3539 3541 οἱ
3575 3489 3757 3563 βουνοί

2852 3602 2871 3628 ,
2948 3608 3014 3618 -
3068 3576 3175 3644 Τὴν
3251 3569 3573 3651 ὑπερϐολὴν
3660 3583 3755 3646 τῆς

2176 3781 2203 3807 α
2231 3756 2298 3813 Τί
2357 3755 2441 3809 σοί
2499 3754 2630 3823 ἐστι,
2689 3753 2946 3825 θάλασσα,
3007 3751 3089 3805 ὅτι
3147 3746 3338 3828 ἔφυγες
3400 3770 3415 3820 ;
3478 3779 3508 3805 υ
3561 3754 3755 3807 -Διεὶ

2106 3847 2198 3919 μὲν
2230 3846 2293 3900 τὸ
2339 3844 2601 3922 ὑπερφυὲς
2653 3846 2750 3897 τοῦ
2804 3839 3119 3917 πράγματος
3161 3840 3236 3902 εἰς
3286 3839 3561 3915 ἐρώτησιν
3614 3862 3749 3917 σχη-

2106 3934 2315 4008 ματίζει
2372 3934 2463 3987 τὸν
2522 3931 2722 4006 λόγον,
2784 3927 2873 3985 διὰ
2930 3926 2988 3983 δὲ
3041 3929 3103 3983 τὸ
3158 3928 3371 4002 ἄψυχον
3413 3929 3509 3983 καὶ
3558 3928 3747 4005 ἄλογον

2100 4028 2207 4078 τῶν
2236 4021 2521 4099 στοιχείων
2570 4020 2728 4082 αὐτὸς
2775 4023 3010 4074 ποιεῖται
3061 4016 3193 4091 ὑπὲρ
3237 4016 3416 4072 αὐτῶν
3469 4020 3572 4087 τήν
3620 4018 3746 4073 ἀπό-

2101 4133 2294 4189 κρισιν.

2176 4202 2369 4258 «Ἀπὸ
2421 4198 2716 4275 προσώπου
2772 4193 2973 4272 Κυρίου
3044 4193 3307 4264 ἐσαλεύθη
3366 4197 3403 4264 ἡ
3462 4203 3538 4271 γῆ
3574 4242 3588 4267 ,
3647 4195 3741 4251 ἀπὸ

2102 4291 2406 4367 προπώπου
2432 4292 2549 4362 ,τοῦ
2591 4290 2724 4343 Θεοῦ
2773 4279 2987 4343 Ἰακώϐ.
3021 4309 3047 4336 ››
3083 4316 3151 4326 ——
3200 4308 3227 4333 ‹‹
3274 4284 3416 4359 Ἐγὼ
3458 4285 3566 4360 γάρ
3617 4285 3743 4358 εἰμι,

2103 4381 2289 4459 φησὶν,
2323 4380 2351 4433 ὁ
2407 4379 2535 4439 Θεὸς
2580 4372 2856 4452 ’Δϐραὰμ,
2903 4373 2993 4428 καὶ
3047 4373 3074 4427 ὁ
3122 4372 3253 4435 Θεὸς
3305 4372 3492 4428 Ἰσαάκ
3521 4419 3537 4446 ,
3587 4374 3676 4428 καὶ
3718 4372 3744 4426 ὁ

2102 4471 2229 4531 Θεὸς
2258 4462 2474 4524 Ἰακὼϐ.
2515 4492 2534 4518 ι
2830 4460 2837 4467 “

2176 4583 2203 4610 ‹‹
2235 4562 2343 4612 Τοῦ
2375 4555 2695 4633 στρέψαντὸς
2725 4555 2824 4623 τὴν
2880 4551 3073 4626 πέτραν
3117 4549 3192 4612 εἰς
3226 4549 3429 4624 λίμνας
3462 4549 3693 4609 ὑδάτων.
3722 4576 3745 4600 ιι

2024 4644 2069 4708 D
2099 4681 2167 4690 —
2196 4651 2301 4701 Τοῦ
2336 4639 2776 4719 μεταϐάλλοντος
2806 4642 2907 4710 τὴν
2934 4638 3129 4716 πέτραν
3163 4638 3269 4694 ἀπὸ
3298 4646 3400 4708 τῆς
3430 4641 3573 4695 κατᾶ
3600 4640 3743 4717 φύσιν

2103 4735 2481 4812 σκληρότητος
2511 4734 2586 4795 εἰς
2609 4733 2670 4787 τὸ
2704 4730 2981 4804 λιμνάζειν
3011 4726 3186 4783 ὕδασι.

2340 4824 2355 4843 \
2452 4825 2466 4843 κ
2571 4821 2585 4837 9
3306 4814 3393 4839 (κο

2179 4849 2206 4877 ‹‹
2261 4831 2357 4878 Και
2407 4845 2505 4893 την
2561 4820 2863 4897 ακρότομον
2929 4818 3002 4881 εἰς
3061 4818 3241 4893 πηγὰς
3301 4832 3550 4875 υοατων.
3612 4844 3639 4870 ››
3687 4850 3746 4861 .-

2104 4912 2452 4988 ΙΙαλιλλογεῖ
2488 4914 2754 4981 συνήθως.
2806 4903 3141 4983 Ἀκρότομον
3194 4903 3252 4961 δὲ
3302 4906 3403 4974 τήν
3455 4907 3654 4983 πέτραν
3686 4906 3746 4961 εἷ-

2103 5026 2225 5073 πεν,
2255 5004 2328 5064 ὡς
2360 5002 2419 5056 ἐκ
2444 5006 2551 5055 τῶν
2597 5000 2774 5075 ἀκρων
2832 4996 2993 5071 μολις
3040 4994 3492 5070 ἀποθραυομένην
3548 4994 3739 5070 σιδήρῳ

2105 5092 2194 5148 διὰ
2220 5094 2317 5161 τὴν
2353 5092 2482 5165 ἄγαν
2514 5086 2847 5143 ἀντιτυπίαν.

2178 5206 2205 5233 ‹‹
2239 5181 2330 5249 Μὴ
2360 5182 2520 5252 ἡμῖν,
2552 5178 2733 5253 Κύριε,
2771 5176 2845 5248 μὴ
2894 5176 3050 5247 ἡμῖν,
3100 5170 3248 5227 ἀλλά
3276 5176 3354 5244 τῷ
3385 5173 3615 5247 ὀνόματί
3658 5193 3737 5227 σου

2105 5269 2197 5333 δὸς
2228 5269 2402 5343 δόξαν,
2436 5292 2464 5321 ››
2497 5301 2566 5310 --
2596 5268 2685 5335 Μὴ
2735 5263 2956 5337 δοξάσῃς
3003 5265 3171 5334 ἡμᾶς·
3202 5261 3408 5332 ἀνάξιοι
3440 5262 3542 5339 γάρ
3576 5262 3738 5334 ἐσμεν·

2106 5359 2251 5416 ἀλλὰ
2278 5359 2340 5414 τὸ
2372 5354 2542 5431 ὄνομά
2572 5377 2665 5410 σου
2698 5352 2916 5425 δόξασον
2978 5351 3030 5406 ἐν
3079 5355 3159 5423 τῷ
3207 5349 3408 5421 ἀληθεῖ
3469 5351 3607 5407 ἐλέει
3639 5372 3736 5415 σου,

2104 5450 2229 5521 ἦτοι
2264 5450 2315 5504 ἐν
2345 5453 2424 5520 τῷ
2452 5446 2652 5523 κυρίως
2704 5443 2860 5501 ἐλέει·
2892 5440 2955 5496 τὰ
2997 5440 3097 5517 γὰρ
3138 5439 3481 5516 ἀνθρώπινον
3512 5438 3661 5502 ἔλεος
3686 5436 3734 5493 οὗ

2103 5544 2370 5596 τοιοῦτον.

2179 5655 2206 5683 ‹‹
2238 5626 2469 5701 Ἐπὶτῷ
2499 5624 2638 5682 ἐλέει
2683 5644 2778 5678 σου
2826 5622 2915 5677 καὶ
2961 5624 3031 5695 τῇ
3089 5618 3324 5693 ἀληθείᾳ
3372 5640 3488 5674 σου·
3545 5623 3734 5693 μήποτε

2106 5718 2298 5778 εἴπωσι
2354 5718 2421 5776 τά
2477 5714 2624 5789 ἔθνη,
2681 5716 2795 5771 Ποῦ
2854 5709 2994 5769 ἐστὶν
3053 5710 3082 5766 ὁ
3141 5708 3275 5773 Θεὸς
3334 5707 3511 5767 αὐτῶν
3559 5728 3573 5784 ;
3617 5734 3644 5763 »
3681 5738 3736 5753 --
