3998 6446
181 452 312 514 15⁸77

1372 448 1782 512 EXPOSITIO
1827 448 1904 511 IN
1949 449 2335 513 PSALMOS.

3390 455 3548 516 1878

178 585 377 653 Μήποτε
423 581 690 638 ἀσθένειαν
741 581 817 645 εἷς
865 584 923 638 σὲ
969 584 1060 638 τὸν
1131 580 1541 656 παντοδύναμον
1597 579 1794 636 ὀνειδί-
1823 584 1879 650 Α
1908 579 2038 635 ἐστί.
2089 587 2198 652 Τῆς
2241 581 2386 644 Θείας
2442 578 2500 636 δὲ
2543 581 2803 658 προνοίας
2873 579 3245 660 ἐξαγγελτικὸν
3315 582 3379 638 τὸ
3447 582 3544 659 ῥη-

179 693 294 726 σωσι
317 672 382 728 τὰ
413 669 559 742 ἔθνη.

242 761 441 824 «Οἶκος
492 760 708 837 Ἰσραὴλ
759 760 990 831 ἤλπισεν
1041 761 1128 816 ἐπὶ
1178 761 1393 838 Κύριον·
1455 761 1656 836 βοηθὸς
1703 757 1792 813 καί

176 850 550 927 ὑπερασπιστὴς
607 851 781 905 αὐτῶν
837 851 1000 906 ἐστιν.
1061 875 1090 902 ››
1150 883 1218 893 -
1272 853 1347 905 Τὰ
1421 852 1512 924 μὲν
1591 845 1793 903 εἴδωλα

171 943 265 994 τῶν
314 938 470 994 ἐθνῶν
527 943 767 1011 τοιαῦτα,
823 939 913 994 καὶ
971 939 1022 993 οἱ
1078 943 1341 1012 τιμῶντες
1411 939 1543 993 αὐτά
1617 935 1790 997 οὕτως

173 1027 372 1099 ἀνόητοι
453 1024 595 1100 μηδὲ
671 1034 799 1101 μιᾶς
885 1027 1195 1104 ἐπικουρίας
1260 1026 1650 1094 ἀπολαύοντες,
1711 1024 1790 1101 ἐφ’

173 1118 238 1172 ὧν
289 1116 620 1174 πεποίθασιν.
663 1119 851 1191 Ἡμεῖς
901 1115 959 1172 δὲ
1007 1117 1082 1179 εἷς
1127 1119 1217 1172 τὸν
1266 1111 1432 1178 ὅντως
1476 1113 1792 1174 πεποιθότες

173 1207 307 1275 Θεὸν,
337 1207 424 1262 καὶ
469 1212 570 1275 τῆς
621 1205 786 1260 αὐτοῦ
837 1205 1085 1281 βοηθείας
1148 1204 1498 1281 εὐροιροῦμεν
1548 1203 1638 1258 καὶ
1705 1203 1792 1256 ἀν-

169 1295 448 1369 τιλήψεως,
481 1298 686 1370 Διαιρεῖ
716 1291 774 1349 δὲ
801 1294 891 1348 τὸν
923 1291 1052 1348 λαὸν
1083 1291 1160 1355 εἵς
1205 1314 1264 1348 τε
1309 1291 1400 1347 τὸν
1447 1290 1635 1353 ἁπλῶς
1688 1292 1791 1345 Ἰσ-

171 1383 486 1460 ραηλιτικὸν,
544 1384 621 1446 εἷς
676 1384 768 1438 τὸν
815 1383 1102 1459 ἱερατικὸν,
1141 1383 1232 1437 καὶ
1290 1382 1364 1444 εἷς
1419 1380 1546 1444 τοὺς
1600 1380 1652 1451 ἐξ
1707 1378 1792 1443 ἐθ-

166 1478 262 1530 νῶν
295 1471 690 1550 προσηλύτους.

236 1562 496 1639 «Κύριος
560 1561 815 1635 μνησθεὶς
873 1563 1033 1634 ἡμῶν
1093 1558 1384 1636 εὐλόγησεν
1433 1561 1605 1633 ἡμᾶς,
1637 1555 1790 1612 εὐλό-

165 1672 288 1729 γησε
329 1651 420 1706 τὸν
468 1650 616 1706 οἶκον
671 1649 910 1727 Ἰσραήλ.
945 1676 972 1702 »
1023 1684 1089 1693 -—
1132 1649 1504 1727 Εὐφημεῖσθαι
1551 1645 1640 1702 καὶ
1694 1666 1789 1718 με-

164 1740 470 1818 γαλύνεσθαι
539 1743 688 1813 ἡμᾶς
768 1738 1156 1815 παρεσκεύασεν
1244 1738 1596 1813 εὐεργετήσας
1689 1756 1789 1808 μυ-

203 1830 268 1887 ία.

167 1850 562 1995 ρ«Εὐλόγησε
614 1917 742 1980 τοὺς
800 1913 1176 1996 φοϐουμένους
1229 1916 1321 1972 τὸν
1395 1913 1609 1991 Κύριον,
1661 1913 1787 1976 τοὺς

167 2008 384 2085 μικροὺς
434 2007 568 2080 μετά
605 2011 712 2062 τῶν
768 2003 1041 2083 μεγάλων.
1073 2031 1100 2059 >)
1134 2038 1205 2048 --
1253 2003 1495 2081 Μικροὺς
1540 2003 1630 2059 καὶ
1688 2024 1788 2076 με-

160 2097 349 2173 γάλους
383 2097 458 2170 μὴ
489 2096 606 2151 καθ’
635 2093 852 2164 ἡλικίαν
888 2094 1050 2168 μόνον
1103 2092 1470 2166 ὑποληπτέον,
1503 2091 1650 2148 ἀλλὰ
1697 2091 1787 2145 καὶ

159 2184 286 2240 κατᾶ
311 2182 533 2258 δύναμιν
564 2183 653 2238 καὶ
687 2180 839 2253 δόξαν
862 2183 953 2238 καὶ
989 2184 1059 2238 τὰ
1087 2186 1327 2238 τοιαῦτα.

232 2272 549 2350 ((Προσθείη
618 2271 812 2348 Κύριος
886 2271 967 2350 ἐφ’
1020 2272 1182 2346 ὑμᾶς,
1233 2271 1312 2350 ἐφ’
1365 2271 1504 2345 ὑμᾶς
1555 2269 1645 2324 καὶ
1698 2267 1786 2324 ἐπὶ

155 2361 280 2423 τοὺς
307 2361 453 2423 υἱοὺς
487 2361 657 2435 ὑμῶν.
689 2385 718 2413 ››
747 2392 815 2402 --
845 2359 1022 2430 Δῆλον
1068 2358 1126 2414 δὲ
1167 2358 1248 2414 ὅτι
1297 2364 1403 2415 τῶν
1455 2361 1789 2435 Χριστιανῶν

158 2454 193 2522 ἡ
247 2449 543 2529 προφητεία
618 2448 990 2526 ὑπερεύχεται,
1047 2450 1110 2504 τὸ
1175 2447 1418 2526 δεύτερον
1495 2447 1784 2522 πρόσωπον

159 2539 507 2594 ἀποτείνουσα
533 2538 631 2606 τὴν
665 2539 870 2613 ψυχήν.

229 2627 663 2703 «Εὐλογημένοι
723 2627 879 2699 ὑμεῖς
954 2630 1033 2698 τῷ
1100 2625 1283 2702 Κυρίῳ
1354 2629 1434 2698 τῷ
1495 2626 1787 2695 ποιήσαντι

150 2718 240 2772 τὸν
297 2715 518 2792 οὐρανὸν
577 2715 667 2770 καὶ
723 2717 824 2785 τὴν
881 2721 1008 2790 γῆν.
1048 2739 1068 2766 ο
1102 2747 1172 2756 ——
1201 2711 1433 2770 Μέλλων
1465 2712 1568 2789 γὰρ
1601 2714 1630 2767 6
1661 2718 1789 2786 Χρι-

154 2807 273 2868 στὸς
328 2803 724 2882 ἀναληφθῆναι,
781 2802 906 2865 τοὺς
971 2801 1166 2865 αὐτοὺς
1221 2801 1490 2877 εὐλόγησε
1549 2801 1789 2874 μαθητὰς

151 2895 238 2950 καὶ
268 2892 336 2950 δι’
365 2893 538 2949 αὐτῶν
574 2894 808 2954 ἅπαντας
836 2891 964 2955 τοὺς
995 2891 1241 2954 πιστούς.

228 3008 248 3034 (ι
280 2985 335 3037 Ὁ
365 2981 589 3058 οὐρανὸς
617 2985 714 3036 τοῦ
742 2981 973 3058 οὐρανοῦ
1018 2985 1098 3053 τῷ
1145 2978 1350 3056 Κυρίῳ.
1394 3004 1421 3031 ››
1454 3011 1522 3021 -
1567 2981 1788 3053 Πρῶτος

150 3072 369 3148 οὐρανὸς
401 3071 716 3145 οἷ’κητήριον
748 3069 931 3146 γέγονε
959 3068 1038 3142 τῷ
1067 3073 1298 3144 Χριστῷ.

225 3185 252 3213 ‹‹
279 3162 383 3230 Τὴν
439 3159 496 3215 δε
541 3167 642 3236 γῆν
693 3154 861 3214 ἔδωκε
904 3164 1021 3221 τοῖς
1069 3158 1210 3220 υἱοῖς
1258 3162 1364 3211 τῶν
1402 3156 1722 3232 ἀνθρώπων.
1758 3179 1786 3206 ››

150 3284 219 3295 -
247 3249 340 3313 Εἰς
362 3248 636 3304 κατοικίαν
663 3247 715 3302 ἐν
741 3252 810 3322 τῇ
844 3247 1090 3322 παρούσῃ
1121 3250 1255 3320 ζωῇ.

224 3338 389 3394 «Οὐκ
443 3339 497 3392 οἱ
550 3337 730 3413 νεκροὶ
790 3335 1060 3392 αἰνέσουσί
1106 3356 1183 3405 σε,
1234 3333 1414 3410 Κύριε,
1466 3331 1591 3388 οὐδὲ
1655 3323 1864 3390 πάν-Ο

146 3449 235 3491 τες
292 3429 343 3483 οἱ
384 3421 792 3488 καταϐαίνοντες
846 3425 921 3487 εἰς
982 3419 1195 3495 ᾅδην.»
1252 3455 1323 3465 —-
1380 3422 1614 3496 Νεκροὺς
1671 3421 1789 3477 ὀνο-

154 3519 310 3591 μάζει
336 3515 463 3578 τοὺς
508 3509 718 3576 ἀσεϐεῖς
767 3515 838 3568 ὧν
888 3507 1022 3584 ᾅδης
1069 3511 1213 3567 ἔσται
1259 3511 1599 3586 οἰκητήριον·
1655 3515 1790 3580 ζῶν-

146 3627 246 3669 τας
301 3603 359 3660 δὲ
409 3603 536 3665 τοὺς
593 3598 762 3665 ὅντως
819 3596 1056 3664 εὐσεϐεῖς
1106 3599 1179 3656 ὦν
1231 3599 1282 3656 ἐν
1322 3600 1568 3676 οὐρανοῖς
1597 3601 1634 3668 ἡ
1665 3599 1792 3654 ἀνά-

146 3714 365 3757 παυσις·
417 3691 566 3748 οὗτοι
616 3692 719 3768 γὰρ
763 3690 965 3761 ἀνάξιοι
1009 3694 1107 3745 τοῦ
1163 3689 1363 3764 Κυρίου
1421 3689 1654 3762 ὑμνηταὶ
1703 3687 1792 3742 καὶ

146 3788 241 3842 νῦν
299 3783 390 3839 καὶ
445 3781 582 3838 κατὰ
634 3781 727 3836 τὸν
792 3778 1064 3853 μέλλοντα
1090 3778 1260 3834 αἰῶνα
1287 3777 1379 3834 τὸν
1413 3776 1793 3848 ἀτελεύτητον,

731 3908 1027 3958 ΨΑΛΜΟΣ
1068 3904 1205 3958 ΡΙΔ’.

222 4021 253 4049 ‹‹
311 3991 680 4064 Ἀλληλούϊα.
739 3989 1024 4068 Ἠγάπησα
1108 3991 1190 4046 ὅτι
1275 3989 1638 4046 εἶσακούσεται
1695 3989 1796 4044 Κύ-

148 4107 270 4162 ριος
315 4092 416 4154 τῆς
461 4089 645 4162 φωνῆς
687 4087 788 4150 τῆς
829 4078 1066 4152 δεήσεώς
1116 4099 1242 4153 μου·
1287 4078 1371 4134 ὅτι
1403 4077 1582 4134 ἔκλινε
1607 4079 1670 4134 τὸ
1702 4079 1794 4142 οὖς

147 4175 317 4230 αὐτοῦ
370 4171 512 4247 ἐμοί·
570 4171 659 4226 καὶ
719 4170 770 4225 ἐν
828 4174 948 4232 ταῖς
1002 4165 1235 4242 ἡμέραις
1314 4189 1416 4242 μου
1475 4163 1794 4222 ἐπικαλέσο-

151 4285 276 4338 μαι.
336 4286 365 4314 ››
423 4294 495 4304 —-
547 4260 884 4338 Εὐφράνθην,
918 4255 1076 4320 εἰδὼς
1133 4256 1215 4312 ὅτι
1275 4255 1637 4312 εἷσακούσεταί
1693 4278 1796 4330 μου

146 4355 179 4407 6
211 4353 370 4421 Θεὸς,
419 4349 533 4406 ἐπεὶ
581 4350 670 4404 καὶ
718 4347 980 4424 πρότερον
1029 4345 1267 4421 παρέσχε
1320 4367 1415 4419 μοι
1455 4346 1517 4400 τὸ
1566 4345 1658 4408 οὗς
1702 4344 1796 4399 αὐ-

139 4446 269 4497 τοῦ·
335 4438 421 4495 διὸ
477 4439 568 4494 καὶ
600 4438 652 4493 ἐν
679 4436 876 4498 πάσαις
902 4440 1019 4498 ταῖς
1066 4436 1299 4512 ἡμέραις
1345 4441 1446 4505 τῆς
1498 4439 1642 4505 ζωῆς
1693 4455 1798 4507 μου

139 4529 213 4586 ἆδ
225 4530 491 4591 ιστάκτως
524 4524 816 4583 ἐπικαλέσο
827 4546 922 4599 μαι
951 4524 1130 4581 αὐτόν.

1903 669 2017 725 τόν.

1975 782 2002 808 ((
2036 760 2448 830 Ἐταπεινώθην,
2498 761 2587 814 καὶ
2650 757 2816 816 ἔσωσέ
2871 782 2955 833 με.
3009 785 3038 813 ››
3089 790 3159 803 -—
3205 759 3548 817 Ἐταλαιπω-

1903 847 2071 921 ρήθην
2103 851 2218 909 τοῖς
2249 854 2590 924 πειρασμοῖς,
2622 849 2711 904 καὶ
2741 848 2998 926 ἐρῥύσατό
3032 871 3099 923 με
3129 850 3326 908 αὐτῶν.

1971 959 2000 986 ‹‹
2036 935 2408 1013 Ἐπίστρεψον,
2449 940 2598 1014 ψυχή
2654 958 2778 1011 μου,
2821 937 2898 1001 εἰς
2943 940 3043 1008 τὴν
3084 938 3373 994 ἀνάπαυσίν
3423 959 3540 1011 σου,

1900 1020 1982 1076 ὅτι
2069 1023 2266 1099 Κύριος
2351 1024 2680 1101 εὐηργέτησέ
2763 1048 2839 1085 σε.
2888 1051 2918 1081 ››
2972 1060 3042 1070 —
3097 1027 3424 1103 Ἀρμόζουσι
3478 1027 3548 1083 τὰ

1902 1111 2040 1188 ῥητὰ
2084 1119 2199 1176 τοῖς
2245 1113 2622 1190 ἐξερχομένοις
2681 1113 2788 1186 ἤδη
2840 1120 2936 1170 τοῦ
2983 1116 3240 1190 σώματος
3291 1114 3542 1180 δικαίοις.

1971 1225 2000 1251 ‹‹
2032 1204 2148 1256 ’Ότι
2200 1201 2431 1273 ἐξείλετο
2475 1206 2574 1274 τήν
2625 1207 2809 1280 ψυχήν
2865 1225 2969 1278 μου
3019 1204 3077 1261 ἐκ
3125 1206 3375 1276 θανάτου,
3413 1207 3545 1270 τοὺς

1905 1288 2224 1368 ὀφθαλμούς
2259 1313 2362 1365 μου
2384 1293 2490 1348 ἀπὸ
2517 1291 2760 1368 δακρύων
2791 1294 2881 1349 καὶ
2907 1294 3033 1358 τοὺς
3063 1293 3231 1358 πόδας
3282 1317 3386 1370 μου
3433 1296 3541 1351 ἀπὸ

1901 1377 2294 1453 ὀλίσθήματος.
2345 1406 2372 1432 ››
2422 1415 2486 1423 -
2543 1381 2776 1445 Θάνατος
2827 1386 2863 1453 ἡ
2912 1383 3168 1460 ἁμαρτία,
3218 1382 3422 1461 δάκρυα
3488 1385 3542 1440 οἱ

1898 1469 2212 1543 πειρασμοὶ,
2268 1466 2546 1544 ὀλίσθημα
2593 1471 2622 1526 6
2668 1470 2814 1548 παρᾶ
2859 1477 2965 1528 τῶν
3027 1472 3271 1548 ἀοράτων
3323 1472 3538 1549 ἐχθρῶν

1901 1555 2302 1631 ὑποσκελισμός
2313 1601 2326 1614 .

1974 1667 2002 1695 ‹‹
2030 1644 2388 1722 Εὐαρεστήσω
2435 1647 2664 1704 ἐνώπιον
2711 1649 2912 1726 Κυρίου
2962 1650 3014 1706 ἐν
3052 1651 3213 1726 χώρᾳ
3245 1651 3482 1721 ζώντων.
3511 1675 3541 1704 ››

1899 1765 1968 1776 -ο
2013 1734 2177 1808 Χώρα
2228 1736 2442 1804 ζώντων
2488 1737 2516 1792 6
2551 1736 2771 1811 μέλλων
2815 1739 3040 1813 κόσμος,
3069 1738 3120 1794 ἐν
3154 1740 3200 1812 ᾦ
3244 1737 3420 1804 οὐδεὶς
3465 1740 3546 1796 ἐν-

1899 1818 2122 1898 εδρεύει·
2191 1821 2276 1879 διὸ
2345 1825 2435 1880 καὶ
2499 1825 2833 1890 ἀκατάλυτος
2901 1827 2979 1891 εἷς
3039 1829 3168 1885 Θεὸν
3243 1828 3538 1906 εὐαρέστη-

1900 1932 2001 1974 σις.

2471 2009 2765 2060 ΨΑΛΜΟΣ
2808 2007 2948 2064 ΡῙΕ’.

1969 2128 1999 2158 ‹‹
2055 2105 2417 2177 ’Δλληλούϊα.
2490 2110 2823 2166 Ἐπίστευσα·
2884 2109 2970 2167 διὸ
3056 2111 3322 2186 ἐλάλησα.
3383 2137 3412 2167 »
3469 2148 3539 2159 -

1896 2193 2210 2250 Ἐπίστευσα
2256 2195 2337 2251 ὅτι
2389 2196 2728 2273 εὐαρεστήσω
2797 2199 3028 2256 ἐνώπιον
3084 2203 3282 2281 Κυρίου
3328 2203 3380 2258 ἐν
3428 2206 3542 2280 χώ-

1897 2303 1964 2360 ρᾳ
2025 2284 2261 2352 ζώντων·
2326 2283 2415 2340 διὰ
2473 2291 2631 2342 τοῦτο
2696 2289 2786 2343 καὶ
2850 2289 3210 2368 ἀπεφηνάμην
3281 2291 3428 2366 αὐτῷ
3485 2291 3536 2347 ἐν

1893 2377 1972 2445 τῷ
2013 2371 2155 2436 τέλει
2199 2379 2296 2428 τοῦ
2337 2371 2711 2451 προλαϐόντος
2749 2377 2994 2452 ψαλμοῦ,
3046 2379 3174 2436 ἀλλ’
3219 2379 3320 2436 οὐκ
3365 2382 3534 2459 ἐπήρ-

1896 2472 2016 2530 θην.
2049 2467 2314 2526 Ἐντεῦθεν
2357 2462 2415 2518 δὲ
2461 2461 2581 2519 λίαν
2611 2463 2995 2538 ἐταπεινώθην·
3055 2465 3174 2524 οἶδα
3214 2471 3317 2546 γὰρ
3367 2469 3535 2545 ἐμαυ-

1892 2549 1985 2603 τὸν
2011 2551 2110 2618 τῆς
2155 2550 2412 2622 τοιαύτης
2444 2551 2748 2628 εὐεργεσίας
2777 2555 3009 2626 ἀνάξιον.

1966 2661 1995 2688 ‹‹
2030 2638 2167 2714 Ἐγὼ
2226 2636 2284 2693 δὲ
2340 2640 2701 2714 ἐταπεινώθην
2751 2641 2976 2722 σφόδρα.
3009 2670 3036 2697 ››
3098 2678 3165 2689 -
3213 2647 3536 2724 Ἐκπλαγεὶς

1897 2725 2104 2797 ἐκείνην
2156 2728 2256 2796 τήν
2310 2729 2498 2806 χώραν
2552 2735 2661 2786 τῶν
2709 2733 2923 2800 ζώντων
2967 2733 3034 2803 ἥν
3089 2756 3181 2808 μοι
3223 2736 3287 2791 τὸ
3317 2741 3540 2811 Πνεῦμα

1897 2812 2136 2901 ὑπέδειξε
2183 2813 2506 2892 διαρρήδην,
2535 2818 2682 2874 εἰπὸν
2717 2819 2799 2875 ὅτι
2829 2827 2973 2876 πᾶσα
3002 2824 3036 2891 ἡ
3084 2823 3399 2901 ἀνθρωπίνη
3453 2826 3540 2882 εὐ-

1851 2900 2154 2980 ’δαιμονία
2212 2903 2384 2976 οὐδὲν,
2448 2908 2746 2978 ματαιότης
2803 2910 2905 2986 γὰρ
2971 2900 3217 2986 ἀληθῶς,
3266 2915 3401 2991 πρὸς
3442 2917 3540 2984 τὴν

1897 2991 2113 3047 ἐκείνων
2150 2994 2545 3069 μακαριότητα.

1969 3105 1999 3133 ‹‹
2028 3081 2089 3135 Τί
2137 3081 2504 3139 ἀνταποδώσω
2549 3091 2628 3159 τῷ
2673 3087 2855 3164 Κυρίῳ
2900 3088 3024 3159 περὶ
3071 3088 3284 3146 πάντων
3333 3093 3408 3147 ὧν
3455 3093 3544 3148 ἀν-

1897 3168 2173 3226 ταπέδωκέ
2225 3191 2352 3245 μοι;
2409 3173 2470 3228 Τί
2518 3174 2886 3232 ἀνταποδώσω
2929 3181 3008 3250 τῷ
3057 3179 3262 3256 Κυρίῳ,
3306 3180 3416 3245 ἀνθ’
3465 3183 3539 3237 ὧν

1904 3258 2220 3336 εὐεργεσιῶν
2254 3259 2456 3317 δέδωκέ
2488 3285 2580 3336 μοι
2607 3283 2621 3334 ;

1974 3373 2002 3400 ‹‹
2061 3350 2330 3426 Ποτήριον
2396 3352 2670 3428 σωτηρίου
2734 3353 3006 3429 λήψομαι·
3075 3356 3164 3411 καὶ
3226 3359 3289 3412 τὸ
3368 3352 3544 3432 ὄνομα

1900 3436 2098 3510 Κυρίου
2151 3437 2562 3523 ἐπικαλέσομαι.
2598 3465 2627 3492 ››
2683 3476 2752 3484 -
2802 3446 3070 3517 Ποτήριον
3122 3445 3397 3523 σωτηρίου
3442 3447 3536 3502 τὸν

1903 3525 2034 3600 ὑπὲρ
2081 3521 2348 3589 εὐσεϐείας
2395 3527 2645 3602 ὠνόμασε
2691 3529 2912 3594 θάνατον
2960 3533 3036 3595 ὡς
3099 3521 3364 3602 σώζοντα.
3424 3541 3543 3606 Φη-

1901 3613 1982 3667 σὶν
2013 3612 2126 3670 οῦν.
2159 3613 2312 3670 Οὕτω
2355 3623 2456 3686 τῆς
2507 3616 2584 3680 εἰς
2633 3619 2760 3673 Θεὸν
2810 3614 3078 3683 εὐσεϐείας
3126 3621 3417 3696 ἀνθέξομαι
3467 3623 3544 3687 ὡς

1903 3702 1948 3757 εί
1976 3703 2066 3757 τὸν
2124 3703 2255 3780 ὑπὲρ
2294 3704 2463 3775 αὐτῆς
2512 3701 2697 3762 λαϐεῖν
2729 3706 2970 3766 θάνατον.
3013 3713 3183 3766 Τοῦτο
3227 3709 3546 3768 ἀνταποδώ-

1905 3812 1982 3875 σω
2027 3795 2108 3864 τῷ
2151 3793 2355 3868 Κυρίῳ,
2399 3794 2487 3849 καὶ
2551 3795 2627 3857 εἷς
2676 3801 2837 3852 τοῦτο
2908 3795 2966 3853 δὲ
3045 3798 3439 3875 ἐπικαλέσομαι
3485 3802 3548 3858 τὸ

1903 3874 2078 3954 ὄνομα
2127 3885 2224 3936 τοῦ
2280 3881 2500 3958 Κυρίου·
2558 3883 2647 3938 καὶ
2693 3885 2796 3959 γὰρ
2841 3886 2905 3941 τὸ
2949 3885 3124 3951 οὕτως
3201 3874 3353 3964 ὑπὲρ
3402 3888 3550 3946 εὐσε-

1903 3963 2052 4032 ϐείας
2109 3969 2466 4046 ἀγωνίσασθαί
2527 3992 2614 4047 με,
2665 3971 2837 4050 δῶρόν
2896 3974 3005 4031 ἐστι
3060 3977 3151 4033 καὶ
3207 3963 3540 4056 εὐεργέτημα)

1903 4063 1998 4112 τοῦ
2028 4063 2162 4114 Θεοῦ
2175 4101 2188 4119 .

1977 4169 2007 4199 ι(
2035 4149 2137 4209 Τὰς
2195 4146 2358 4223 εὐχάς
2422 4170 2526 4223 μου
2582 4154 2662 4222 τῷ
2717 4151 2898 4228 Κυρίῳ
2961 4151 3233 4210 ἀποδώσω
3307 4155 3543 4211 ἐναντίον

1903 4237 2102 4299 παντὸς
2149 4241 2247 4292 τοῦ
2295 4235 2432 4293 λαοῦ
2497 4239 2682 4298 αὐτοῦ.
2708 4264 2737 4294 ››
2783 4274 2852 4284 --
2887 4241 2991 4306 Τὰς
3053 4243 3374 4320 ὑποσχέσεις
3442 4267 3545 4319 μου

1901 4326 2096 4388 ταύτας
2147 4330 2382 4404 φανερῶς
2430 4325 2658 4383 ἐνώπιον
2718 4333 2816 4384 τοῦ
2883 4329 3018 4386 λαοῦ
3065 4330 3351 4402 ἐκτελέσω,
3399 4330 3547 4408 ἄγων

1902 4414 2128 4477 τούτους
2159 4416 2293 4492 πρὸς
2323 4414 2384 4488 μί
2392 4437 2465 4489 μη
2476 4437 2578 4474 σιν.

1979 4503 2229 4577 «Τίμιος
2284 4503 2518 4560 ἐναντίον
2577 4505 2778 4581 Κυρίου
2833 4509 2862 4564 6
2925 4509 3146 4573 θάνατος
3202 4513 3309 4566 τῶν
3378 4511 3547 4588 ἁγίων

224 4643 254 4672 ‹‹
287 4617 584 4695 Περιέσ-χον
657 4636 724 4690 με
781 4592 970 4676 ὠδῖνες
1051 4615 1300 4668 θανάτου·
1357 4611 1591 4668 κίνδυνοι
1664 4607 1794 4683 ᾅδου
1907 4592 2090 4700 αξτοῦ·
2125 4617 2154 4645 ”
2183 4593 2899 4710 ‘—OXE€§‘°DL&7‘°0V6W‘W
2924 4685 2942 4710 2
2963 4598 3097 4674 ὑπὲρ
3156 4602 3310 4710 θξοῗν
3367 4599 3554 4710 τίμιος

965 4707 985 4710 κ.
1160 4705 1184 4710 ..
1455 4703 1465 4710 .
1786 4700 1797 4710 ι
1832 4693 1873 4710 ﬂ
1906 4701 2003 4710 -...-
2063 4701 2206 4710 _..-..
2308 4703 2375 4710 -.,.
2430 4709 2433 4710 ,
2564 4704 2704 4710 .n.--
2762 4689 2866 4710 -51-.
2940 4707 3088 4710 -_~,,_,
3108 4709 3138 4710 ,,
3490 4693 3518 4705 η

137 4683 379 4786 εὕροσάν
581 4731 610 4759 ››
658 4683 738 4746 1-
793 4707 1072 4779 Διηγεῖται
1128 4705 1211 4766 οἷς
1277 4703 1657 4780 περιπέπτωκε
1710 4700 1799 4757 καί
1830 4683 2005 4758 Πγᾶρ
2248 4683 2378 4786 ..θεῷ
2409 4683 2444 4786 δ’
2479 4683 2866 4786 θάέατοςιτῶν
2918 4685 3331 4786 ἀφωσιωμένων
3384 4688 3552 4786 αὐτῷ.

134 4798 330 4868 ἐσώθη
366 4795 468 4851 ὑπὸ
498 4797 650 4849 Θεοῦ.

221 4911 252 4939 ‹‹
288 4887 360 4939 Ὦ
416 4883 600 4959 Κύριε,
631 4881 782 4959 ῥῦσαι
839 4881 940 4950 τὴν
996 4881 1179 4955 ψυχήν
1242 4900 1367 4954 μου.
1404 4903 1432 4931 ››
1460 4913 1529 4924 -
1557 4879 1799 4936 Αἰτεῖται

132 4974 237 5032 καὶ
270 4979 366 5028 νῦν
397 4973 652 5050 ῥυσθῆναι
684 4971 758 5033 ὡς
789 4969 1073 5046 πρότερον.

216 5090 249 5118 ››
288 5060 581 5136 Ἐλεήμων
610 5061 638 5114 6
669 5059 864 5136 Κύριος
897 5057 984 5113 καὶ
1034 5055 1259 5120 δίκαιος,
1294 5081 1324 5109 ››
1357 5090 1426 5101 --
1454 5055 1801 5119 Παιδευτικὸς

133 5156 168 5210 ὁ
230 5152 433 5228 λόγος·
470 5175 498 5203 (ί
532 5150 620 5218 Μὴ
679 5150 949 5223 ἀπογνῷς,
1012 5145 1198 5224 φησὶν,
1258 5149 1591 5222 ἁμαρτήσας·
1646 5145 1803 5216 ἐλεή-

137 5263 273 5316 μων
338 5240 441 5316 γὰρ
474 5238 680 5299 ὁΘεός·
744 5235 871 5292 ἀλλ’
928 5235 1028 5312 ὅρα
1087 5236 1162 5308 μὴ
1213 5233 1498 5309 ἀναπέσῃς,
1560 5235 1673 5290 ἐπεὶ
1715 5233 1804 5289 καὶ

132 5330 393 5392 δίκαιος.
426 5352 454 5381 ››

218 5443 252 5472 ‹‹
287 5419 392 5473 Καὶ
449 5419 477 5472 6
534 5416 661 5477 Θεὸς
714 5417 874 5487 ἡμῶν
930 5412 1147 5469 ἐλεεῖ.»
1179 5446 1248 5455 —
1306 5411 1576 5469 Δείκνυσιν
1634 5413 1807 5468 ἐντεῦ-

131 5522 234 5574 θεν
312 5505 760 5584 ἐπιρῥεπέστερον
821 5503 953 5558 εἶναι
1013 5503 1148 5578 πρὸς
1236 5502 1643 5579 φιλανθρωπίαν
1717 5503 1807 5556 τὸν

128 5597 311 5654 Θεόν.
348 5598 406 5651 Ὀ
462 5595 591 5658 Θεὸς
654 5593 712 5649 δὲ
766 5596 925 5667 ἡμῶν
976 5589 1160 5666 εἷ’ρηκε
1218 5589 1306 5644 διὰ
1360 5591 1487 5653 τοὺς
1544 5588 1814 5664 ψευδωνύ-

140 5706 304 5763 μους
346 5683 521 5748 θεούς.

219 5799 253 5828 ‹‹
293 5771 600 5828 Φυλάσσων
647 5771 716 5826 τὰ
770 5772 936 5841 νήπια
995 5769 1022 5821 6
1074 5767 1348 5845 Κύριος.»

447 5902 712 5964 ΡΑτιιοι..
761 5900 872 5962 Gn.
918 5895 1147 5962 CXLII.

1383 5802 1451 5810 —
1506 5767 1691 5824 Λείπει
1749 5768 1814 5824 τὸ

1982 4795 2010 4823 ‹‹
2043 4770 2334 4848 Διέρρηξας
2362 4771 2491 4835 τοὺς
2533 4769 2764 4848 δεσμούς
2797 4795 2921 4848 μου.
2958 4799 2988 4829 ››
3018 4809 3089 4819 -
3137 4776 3378 4852 Δεσμοὺς
3431 4777 3553 4834 ὀνο-

1916 4860 2069 4934 μάζει
2146 4859 2242 4923 τὰς
2289 4859 2349 4915 ἐκ
2417 4865 2523 4916 τῶν
2608 4867 2922 4939 πειρασμῶν
3000 4863 3196 4928 λύπας·
3258 4866 3443 4930 θυσίαν
3497 4864 3558 4922 δὲ

1911 4947 2160 5011 αΐνέσεως
2188 4951 2288 5018 τήν
2321 4947 2664 5026 εὐχαριστίαν
2695 4950 2784 5006 καὶ
2816 4950 3067 5026 ὕμνησιν.

1986 5038 2144 5091 «Σοὶ
2189 5036 2332 5092 θύσω
2381 5038 2560 5093 θυσίαν
2609 5039 2859 5104 αίνέσεως
2923 5041 3013 5097 καὶ
3064 5041 3116 5099 ἐν
3169 5043 3395 5117 ὀνόματι
3447 5051 3552 5101 Κυ-

1915 5125 2034 5201 ρίου
2070 5125 2482 5200 ἐπικαλέσομαι.
2517 5153 2540 5182 ι
2576 5161 2646 5170 -
2678 5129 2824 5184 Ἀντὶ
2869 5135 2988 5204 τοῦ,
3019 5131 3088 5186 Τὸ
3135 5128 3307 5207 ὄνομα
3360 5134 3559 5208 Κυρίου

1917 5213 2304 5286 ἐπικαλέσομαι
2376 5215 2465 5270 καί
2521 5217 2598 5278 είς
2684 5218 2812 5280 τοὺς
2863 5218 2983 5290 ἐξῆς
3069 5217 3283 5292 δηλαδὴ
3368 5244 3558 5301 πειρα-

1918 5302 2111 5377 σμούς.

2504 5397 2801 5453 ΨΑΛΜΟΣ
2841 5398 2977 5454 ΡΙΖ’.

1993 5497 2406 5571 «Ἀλληλούῒα.
2440 5500 2648 5558 Αἰνεῖτε
2673 5501 2765 5556 τὸν
2815 5501 3008 5580 Κύριον
3067 5503 3241 5561 πάντα
3295 5507 3362 5562 τὰ
3414 5504 3560 5579 ἔθνη,

1921 5589 2226 5644 ἐπαινέσατε
2259 5589 2438 5647 ,αὐτὸν
2486 5591 2681 5652 πάντες
2728 5591 2779 5645 οἱ
2835 5590 2980 5652 λαοί.
3033 5618 3062 5646 ››
3105 5629 3173 5636 —
3221 5596 3377 5671 Ὑπὲρ
3426 5598 3560 5650 πάν-

1921 5700 2028 5733 των
2079 5679 2179 5754 γὰρ
2239 5679 2656 5756 ἐνανθρωπήσας
2705 5681 2732 5734 6
2781 5680 2975 5758 Κύριος
3033 5683 3121 5739 καὶ
3179 5685 3376 5756 θανὼν,
3408 5681 3552 5758 ἄξιος

1926 5768 2201 5843 ὑμνεῖσθαι
2225 5769 2315 5825 καὶ
2345 5770 2489 5848 παρὰ
2516 5770 2755 5830 πάντων.

3202 5901 3280 5962 50
