3998 6444
199 487 330 549 1581

1389 487 1806 551 EXPOSITIO
1849 490 1926 551 IN
1972 491 2353 555 PSALMOS.

3410 496 3566 558 1582

193 640 326 676 σουσι
358 613 566 694 βαδίσαι
591 615 728 693 πρὸς
781 616 908 671 Θεὸν
958 613 1046 671 διὰ
1089 621 1189 686 τῆς
1221 615 1468 694 φυλακῆς
1513 623 1619 673 τῶν
1650 619 1814 675 αὐτοῦ
1841 621 2018 692 Ατᾶς
2075 624 2170 685 σὰς
2222 621 2480 684 ἐντολάς.
2541 622 2804 694 Εὐκτικήν
2864 623 2921 680 δὲ
2979 623 3204 700 δύναμιν
3258 624 3445 702 ἔχουσι
3497 630 3566 685 τὰ

193 707 406 765 ἐντολῶν
417 751 430 762 .

253 821 279 852 κ
326 795 400 852 Σὺ
444 793 691 851 ἐνετείλω
740 795 836 856 τὰς
886 793 1108 856 ἐντολάς
1151 815 1246 849 σου
1305 795 1634 872 φυλάξασθαι
1684 797 1814 874 σφό-

189 883 351 964 δρα.»
383 918 454 929 --
506 883 580 938 Ού
635 885 736 960 γὰρ
795 884 846 938 οὶ
904 881 1235 959 παρανόμως
1297 888 1491 953 ζῶντες
1547 884 1818 956 ἠδυνήθη-

187 997 269 1032 σαν
323 975 649 1052 πορευθῆναι
709 972 761 1027 ἐν
818 977 938 1034 ταῖς
984 970 1061 1034 εἷς
1106 971 1264 1027 αὐτὸν
1310 972 1596 1051 φερούσαις
1646 972 1814 1038 ὁδοῖςο

188 1063 264 1121 διὸ
287 1064 345 1119 οὗ
392 1060 669 1140 βαδιοῦσιν
717 1059 865 1116 οῦτοι
919 1061 1054 1136 πρὸς
1105 1060 1257 1116 Θεόν·
1309 1058 1427 1116 ὁδοὶ
1476 1059 1533 1116 δὲ
1580 1066 1713 1118 Θεοῦ
1760 1064 1814 1117 αἱ

186 1152 381 1210 ἐντολαὶ
412 1153 576 1208 αὐτοῦ
605 1151 661 1206 αἱ
691 1151 916 1226 ἄγουσαι
947 1149 1085 1226 πρὸς
1115 1148 1296 1207 αὐτόν.

251 1285 277 1314 ‹‹
305 1259 432 1314 Τότε
477 1257 540 1313 οὐ
574 1258 649 1331 μὴ
702 1255 1003 1331 αἰσχυνθῶ,
1052 1255 1103 1310 ἐν
1147 1260 1227 1327 τῷ
1277 1277 1342 1330 με
1385 1251 1695 1313 ἐπιϐλέπειν
1726 1257 1814 1314 ἐπὶ

185 1348 343 1411 πάσας
392 1347 488 1409 τὰς
539 1343 764 1408 ἐντολάς
814 1366 929 1400 σου.
963 1369 992 1397 ››
1025 1378 1094 1387 --
1137 1343 1213 1398 Σὺ
1262 1345 1589 1420 προσέταξας
1639 1346 1690 1402 ἐν
1735 1352 1814 1420 τῷ

186 1438 328 1512 νόμῳ
359 1435 643 1514 φυλάττειν
673 1433 770 1496 τὰς
817 1432 1036 1496 ἐντολάς
1090 1454 1207 1506 σου,
1261 1433 1401 1488 ὥστε
1444 1436 1533 1490 καὶ
1583 1435 1815 1513 κατάραν

189 1527 440 1603 ἐπήγαγες
495 1529 612 1586 τοῖς
663 1525 739 1596 μὴ
799 1521 1122 1596 ἐμμένουσιν
1179 1521 1232 1576 ἐν
1286 1522 1482 1586 πάσαις
1555 1524 1740 1587 αὐταῖς
1797 1568 1811 1582 .

183 1612 298 1680 Εἴθε
324 1617 451 1690 γοῦν
482 1609 954 1679 κατευθυνθείησαν
986 1609 1043 1664 αἶ’
1089 1607 1206 1665 ὁδοὶ
1235 1612 1333 1679 τῆς
1372 1610 1649 1676 πολιτείας
1683 1634 1810 1688 μου,

185 1703 312 1759 ὥστε
337 1700 630 1776 πληρῶσαι
653 1700 750 1762 τὰς
781 1697 1004 1761 ἐντολάς
1034 1719 1149 1753 σου.

252 1817 278 1845 ‹‹
305 1791 435 1846 Τότε
470 1789 533 1844 οὐ
584 1790 659 1862 μὴ
709 1788 1006 1863 αἰσχυνθῶ.
1039 1810 1068 1838 ››
1098 1820 1167 1829 -
1216 1790 1341 1842 ’Ὀτε
1388 1789 1809 1845 κατευθυνθῶσιν

183 1884 236 1937 αἱ
262 1878 373 1936 ὁδοί
402 1899 528 1954 μου,
559 1879 634 1940 ὡς
661 1873 891 1951 εἷ’ρηται,
921 1874 1046 1930 τότε
1074 1876 1137 1930 οὐ
1170 1877 1246 1949 μὴ
1297 1875 1592 1952 αἰσχυνθῶ·
1637 1875 1726 1933 διὰ
1755 1876 1814 1933 δὲ

180 1970 240 2025 τὸ
272 1966 406 2043 μηδὲ
437 1965 563 2041 μίαν
594 1959 960 2038 παραϐλέπειν
991 1962 1218 2034 ἐντολήν
1252 1985 1367 2020 σου.

250 2080 277 2110 ‹‹
306 2051 813 2130 Ἐξομολογήσομαί
861 2073 946 2106 σοι
990 2049 1042 2106 ἐν
1083 2050 1333 2123 εύθύτητι
1383 2050 1607 2129 καρδίας
1654 2054 1811 2127 ἐντῷ

185 2143 540 2223 μεμαθηκέναι
591 2163 657 2217 με
699 2141 768 2196 τὰ
813 2141 1049 2215 κρίματα
1091 2146 1194 2210 τῆς
1239 2137 1584 2213 δικαιοσύνης
1620 2164 1745 2216 μου.
1778 2167 1807 2196 ››

179 2237 390 2288 -Ὅτε
440 2233 594 2306 μάθω
639 2231 736 2292 τὰς
783 2227 1006 2290 ἐντολάς
1054 2249 1150 2283 σου
1200 2226 1339 2283 ὥστε
1389 2235 1566 2285 ποιεῖν
1623 2231 1807 2306 αὐτάς,

182 2324 558 2400 εὖχαριστῆσαι
650 2317 774 2373 τότε
862 2315 1165 2390 δυνήσομαι
1252 2319 1437 2392 ψυχῆς
1514 2318 1805 2391 εὖθύτητι·

177 2412 357 2478 καθότι
413 2409 516 2486 γὰρ
577 2407 639 2462 οὐ
697 2403 956 2484 φυλάσσει
1005 2427 1088 2467 τις
1144 2405 1236 2460 τὸν
1293 2406 1458 2480 νόμον
1514 2428 1636 2481 σου,
1691 2409 1809 2464 κατ’

179 2503 342 2559 ἐκεῖνο
373 2498 594 2555 σκολιὰν
618 2495 735 2571 ἔχει
761 2496 862 2564 τήν
894 2493 1093 2549 οἰκείαν
1125 2495 1335 2570 ψυχήν.

245 2614 275 2645 (ς
312 2591 398 2660 Μή
451 2608 519 2662 με
569 2583 928 2660 ἐγκαταλίπῃς
972 2578 1075 2645 ἕως
1120 2580 1346 2660 σφόδρα.
1402 2608 1425 2637 ι
1474 2618 1544 2626 -
1587 2585 1658 2639 Τὸ
1705 2581 1812 2649 ἕως

177 2677 376 2760 σφόδρα
403 2676 520 2732 ἀντὶ
550 2678 646 2729 τοῦ
698 2673 862 2749 μέχρι
909 2676 1006 2726 τοῦ
1056 2670 1177 2727 λίαν
1226 2672 1316 2726 καὶ
1364 2672 1666 2737 παντελῶς·
1708 2675 1808 2745 τὴν

174 2767 378 2825 τελείαν
409 2760 784 2842 ἐγκατάλειψιν
813 2763 842 2816 ὁ
870 2762 1157 2837 προφήτης
1186 2760 1500 2837 ἀπεύχεται.

245 2898 274 2928 ι(
322 2876 410 2930 Ἐν
456 2870 562 2928 τίνι
607 2868 938 2945 κατορθώσει
984 2867 1249 2944 νεώτερος
1289 2870 1389 2940 τὴν
1435 2867 1556 2924 ὁδὸν
1598 2869 1810 2941 αὖτοῦ;

175 2964 226 3021 ἐν
280 2967 359 3035 τῷ
414 2957 744 3038 φυλάξασθαι
802 2957 930 3018 τοὺς
980 2954 1177 3032 λόγους
1234 2978 1350 3014 σου.
1402 2978 1430 3011 ιι
1473 2991 1543 3000 -
1597 2959 1659 3013 Ἡ
1711 2958 1811 3034 γὰρ

177 3051 388 3132 φυλακὴ
439 3052 538 3105 τοῦ
581 3047 752 3116 νόμου
797 3045 889 3100 τὸν
939 3044 1054 3120 βίον
1102 3046 1257 3120 ὀρθοῖ
1297 3050 1395 3101 τοῦ
1440 3047 1584 3117 νέου,
1631 3047 1813 3102 καὶτὸ

170 3143 306 3220 πρὸς
333 3141 426 3195 τὸν
469 3139 570 3206 τῆς
614 3132 881 3210 ἀμαρτίας
916 3133 1162 3208 κρημνὸν
1211 3132 1498 3210 ἐπιῤῥεπες
1543 3140 1646 3204 τῆς
1695 3135 1809 3190 νεό-

171 3251 335 3302 τητος
366 3227 551 3304 χάριν,
582 3223 648 3278 οὐ
681 3221 859 3295 δίκην,
891 3222 1108 3296 κατέχει
1137 3223 1226 3276 καὶ
1257 3221 1560 3278 ἀνατέλλει.

244 3323 384 3373 «Ἐν
418 3312 522 3388 ὅλῃ
548 3309 745 3390 καρδίᾳ
797 3331 900 3386 μου
948 3309 1244 3381 ἐξεζήτησά
1288 3331 1364 3366 σε·
1402 3313 1478 3385 μὴ
1519 3311 1709 3386 ἀπώσῃ
1745 3334 1812 3385 με

173 3410 278 3465 ἀπὸ
321 3409 430 3460 τῶν
481 3400 714 3458 ἐντολῶν
764 3421 884 3460 σου.
933 3422 962 3453 »
1013 3432 1082 3442 -
1128 3395 1395 3476 Εὕχεσθαι
1451 3404 1558 3456 τῶν
1591 3405 1697 3457 σῶν
1731 3399 1813 3456 ἐν·

170 3496 351 3554 τολῶν
409 3490 697 3552 διαπαντὸς
754 3486 1154 3564 παρασκεύασον
1190 3531 1205 3558 ,
1260 3487 1506 3544 ἀνάπτων
1572 3510 1664 3563 μοι
1714 3491 1812 3560 τήν

171 3583 378 3658 θέρμην
420 3587 523 3651 τῆς
567 3578 738 3634 αὐτῶν
791 3575 1080 3655 φυλακῆς,
1126 3575 1217 3631 καὶ
1276 3577 1353 3650 μή
1405 3579 1814 3655 παραχωρήσῃς

168 3671 362 3750 πόρῥω
396 3690 464 3745 με
491 3668 734 3745 γενέσθαι
764 3663 961 3721 αὐτῶν.

244 3782 275 3812 ‹‹
305 3762 392 3816 Ἐν
434 3761 505 3832 τῇ
553 3753 748 3833 καρδίᾳ
787 3775 891 3828 μου
939 3751 1146 3830 ἔκρυψα
1192 3753 1261 3809 τὰ
1306 3751 1468 3829 λόγιά
1515 3775 1631 3827 σου,
1663 3753 1814 3817 ὅπως

164 3859 228 3916 ἂν
281 3859 358 3934 μή
414 3853 641 3931 ἁμάρτω
683 3872 790 3908 σοι.
825 3874 854 3903 ››
885 3882 954 3894 —-
1003 3852 1088 3906 Ἐν
1118 3853 1188 3924 τῇ
1217 3853 1371 3926 ψυχῇ
1415 3871 1518 3925 μου
1566 3851 1812 3926 ἐταμιευ-

159 3951 347 4021 σάμην
373 3945 474 4014 τήν
529 3944 750 4016 μνήμην
795 3943 904 3995 τῶν
953 3937 1188 3995 ἐντολῶν
1236 3959 1356 4013 σου,
1389 3936 1484 3994 *ίνα
1515 3941 1591 4014 μὴ
1621 3940 1815 4003 ταύτας

167 4029 404 4113 παραϐῶ
434 4031 523 4087 διὰ
553 4029 754 4102 λήθην.

243 4112 272 4177 ιι
303 4120 627 4196 Εὐλογητὸς
682 4117 750 4191 εἷ,
793 4115 976 4194 Κύριε’
1024 4112 1235 4187 δίδαξόν
1284 4138 1352 4190 με
1394 4117 1464 4174 τὰ
1510 4117 1814 4193 δικαιώμα-

155 4214 230 4269 τά
290 4231 410 4268 σου.
469 4233 498 4263 ››
559 4241 629 4250 -
683 4206 866 4278 Ἀξιος
927 4205 1206 4279 ὑμνεῖσθαι
1260 4206 1408 4282 παρὰ
1461 4204 1671 4261 πάντων
1721 4205 1818 4277 εἴ,

158 4299 431 4356 Δέσποτα.
472 4293 781 4372 Παρακαλῶ
828 4291 887 4349 δὲ
928 4294 1024 4356 τὰς
1077 4291 1296 4356 ἐντολάς
1353 4314 1447 4348 σου
1509 4295 1692 4367 μαθεῖν
1739 4289 1820 4349 ἔτι

161 4385 518 4468 βεϐαιότερόν
549 4405 608 4440 τε
636 4384 726 4440 καὶ
759 4381 1122 4458 ὑψηλότερον.

234 4501 267 4532 ‹‹
299 4479 388 4533 Ἔν
438 4480 556 4536 τοῖς
598 4471 810 4550 χείλεσί
859 4493 966 4546 μου
1009 4469 1302 4547 ἐξήγγειλα
1363 4470 1537 4527 πάντα
1586 4473 1654 4528 τὰ
1697 4471 1821 4548 κρί-

1928 712 2190 786 ὁριστικά.

2001 823 2028 851 ‹‹
2061 801 2439 875 ’Δποκάλυψον
2489 802 2616 863 τοὺς
2669 801 2984 877 ὀφθαλμοὺς
3033 826 3158 878 μου,
3189 805 3277 860 καὶ
3307 808 3568 878 κατανοή-

1926 910 2003 944 σω
2032 892 2099 944 τά
2144 891 2414 963 θαυμάσια
2462 890 2520 946 ἐκ
2563 895 2660 945 τοῦ
2705 891 2877 966 νόμου
2925 914 3040 949 σου.
3075 919 3103 947 ››
3135 927 3205 936 —
3250 893 3475 971 Περίελε
3502 897 3566 952 τὸ

1923 977 2189 1052 κάλυμμα
2214 983 2321 1034 τῶν
2359 986 2461 1049 τῆς
2499 976 2734 1043 διανοίας
2785 1002 2889 1054 μου
2937 979 3258 1060 ὀφθαλμῶν,
3306 983 3396 1038 καὶ
3423 985 3565 1062 γνώ-

1924 1087 2088 1141 σομαι
2164 1067 2643 1144 τάἐγκεκρυμμένα
2714 1065 2794 1141 τῷ
2887 1069 3041 1143 νόμῳ
3113 1091 3208 1126 σου
3287 1075 3566 1146 θαυμαστὰ

1921 1157 2187 1230 νοήματα.

1996 1268 2024 1296 (ι
2075 1246 2342 1320 Πάροικος
2403 1245 2512 1322 ἐγώ
2570 1244 2682 1319 εἶμι
2742 1244 2794 1301 ἐν
2845 1250 2914 1321 τῇ
3114 1249 3190 1322 μή
3243 1249 3558 1327 ἀποκρύψῃς

1921 1332 2014 1387 ἀπ’
2059 1331 2194 1406 ἐμοῦ
2242 1335 2337 1396 τὰς
2385 1331 2605 1397 ἐντολάς
2646 1354 2762 1392 σου.
2806 1360 2834 1388 ››
2879 1368 2948 1377 —
2995 1335 3313 1414 Παροδικῶς
3357 1339 3561 1415 κέχρη-

1925 1442 2018 1494 μαι
2072 1425 2152 1493 τῷ
2208 1422 2432 1498 παρόντι
2494 1421 2615 1498 βίῳ·
2677 1420 2761 1478 διὸ
2805 1425 3065 1501 γνώρισόν
3118 1447 3213 1500 μοι
3264 1427 3555 1506 βαθύτερον

1917 1511 2015 1572 τὰς
2066 1510 2159 1571 σὰς
2215 1509 2432 1573 ἐντολὰς
2481 1508 2570 1566 ’ίνα
2621 1514 3019 1590 συντονώτερον
3076 1517 3258 1592 τρέχω
3305 1519 3440 1594 πρὸς
3486 1517 3553 1588 ἢν

1918 1596 2224 1654 ἐπισπεύδω
2257 1602 2420 1670 ζωήν.

1993 1710 2020 1739 ‹‹
2051 1687 2413 1759 Ἐπεπόθησεν
2473 1691 2508 1758 ἡ
2577 1692 2727 1766 ψυχή
2794 1711 2898 1764 μου
2950 1696 3047 1746 τοῦ
3105 1692 3432 1769 ἐπιθυμῆσαι
3490 1698 3557 1751 τὰ

1918 1775 2153 1853 κρίματά
2193 1798 2288 1831 σου
2339 1776 2391 1831 ἐν
2435 1775 2592 1832 παντί
2619 1777 2812 1855 καιρῷ.
2844 1805 2873 1832 ››
2906 1813 2974 1822 --
3027 1779 3248 1860 Σφόδρα
3288 1783 3556 1857 ἐπεπόθη-

1918 1886 2004 1920 σεν
2036 1866 2071 1934 ἡ
2104 1867 2254 1940 ψυχή
2293 1887 2396 1939 μου
2424 1867 2492 1920 τὰ
2518 1865 2753 1943 κρίματά
2781 1889 2898 1940 σου,
2931 1865 3068 1925 ὥστε
3096 1869 3380 1946 ἐπιθυμίαν
3407 1871 3556 1950 ἔχειν

1839 1996 1888 2062 Β
1921 1954 2094 2008 αὐτῶν
2127 1952 2178 2008 ἐν
2211 1953 2367 2009 παντί
2397 1958 2570 2031 καιρῴ

1990 2083 2019 2112 ι(
2093 2059 2456 2134 Ἐπετίμησας
2540 2061 2900 2141 ὑπερηφάνοις
2957 2083 2971 2096 ·
3048 2063 3430 2144 ἐπικατάρατοι
3504 2070 3559 2124 οἱ

1919 2146 2252 2211 ἐκκλίνοντες
2303 2148 2410 2204 ἀπὸ
2455 2153 2562 2204 τῶν
2613 2148 2848 2207 ἐντολῶν
2890 2173 3006 2210 σου.
3048 2177 3078 2207 ››
3109 2187 3179 2197 -
3227 2155 3557 2229 Ἠπείλησας

1917 2235 2139 2292 κόλασιν
2197 2241 2313 2292 τοῖς
2370 2237 2695 2313 ὑπερόπταις
2749 2245 2846 2294 τοῦ
2901 2240 3092 2315 νόμου“
3153 2240 3238 2299 διὸ
3292 2245 3382 2299 καὶ
3438 2247 3559 2321 γέ-

1917 2345 2174 2402 γραπται·
2210 2349 2238 2378 ‹‹
2289 2327 2711 2402 Ἐπικατάρατος
2755 2329 2816 2391 ’ὀς
2866 2329 2965 2384 οὐκ
3006 2329 3227 2405 ἐμμένει
3276 2339 3405 2389 πᾶσι
3442 2339 3560 2399 τοῖς

1919 2412 2314 2490 γεγραμμένοις
2367 2414 2418 2470 ἐν
2465 2419 2545 2487 τῷ
2595 2410 2797 2491 βιϐλίῳ
2836 2422 2933 2473 τοῦ
2975 2413 3147 2492 νόμου
3189 2425 3288 2477 τοῦ
3334 2425 3561 2492 ποιῆσαι

1918 2502 2070 2558 αὐτά.
2097 2526 2128 2556 ››

1991 2614 2020 2643 ‹‹
2053 2589 2153 2645 Καὶ
2183 2591 2286 2668 γὰρ
2335 2589 2582 2656 ἐκάθισαν
2633 2591 2894 2669 ἄρχοντες
2941 2594 3032 2649 καὶ
3079 2598 3195 2650 κατ’
3245 2597 3381 2672 ἐμοῦ
3411 2620 3563 2656 κατε-

1921 2677 2146 2734 λάλουν.
2205 2703 2234 2732 ››
2288 2713 2359 2721 -
2413 2681 2720 2756 Ἀρχοντας
2777 2680 2921 2757 λέγει
2977 2683 3105 2747 τοὺς
3164 2685 3450 2758 αἷσθητούς
3503 2710 3565 2745 τε

1853 2784 1856 2788 '
1919 2767 2010 2822 καὶ
2041 2765 2270 2838 νοητοὺς
2321 2768 2373 2823 οἳ
2421 2766 2698 2839 ὠνείδιζον
2739 2769 2886 2844 αύτῷ
2930 2773 3029 2841 τήν
3080 2774 3133 2828 ἐν
3157 2778 3238 2847 τῷ
3275 2775 3432 2850 νόμῳ
3467 2799 3562 2852 με-

1921 2853 2085 2926 λέτην
2140 2855 2217 2918 ὡς
2278 2855 2551 2934 ἄχρηστον
2589 2900 2602 2914 .
2659 2859 2716 2912 Ὀ
2772 2855 2830 2913 δὲ
2904 2861 3283 2936 συνεχέστερον
3346 2863 3566 2938 ἐμποιεῖ

1919 2943 2196 3002 τοιαύτην.

1995 2967 2107 2999 ιαυτ
2151 2967 2196 3002 ν.

1995 3055 2025 3085 ‹‹
2057 2967 2368 3104 Ἐτδίολλήθη
2426 3037 2506 3106 τῷ
2563 3031 2745 3113 ἐδάφει
2800 3037 2836 3105 ἡ
2869 3039 3019 3112 ψυχή
3085 3059 3209 3112 μου’
3272 3042 3433 3112 ζῆσόν
3497 3065 3564 3116 με

1920 3122 2058 3176 κατὰ
2084 3121 2175 3176 τὸν
2207 3120 2370 3197 λόγον
2423 3143 2540 3179 σου.
2571 3148 2601 3176 ››
2633 3156 2702 3165 -
2749 3123 3094 3197 Ἐκολλήθην
3140 3132 3209 3202 τῇ
3257 3134 3353 3205 γῇ,
3401 3153 3560 3188 τουτ-

1923 3211 2062 3266 έστιν
2091 3209 2452 3281 ἐταπεινώθην
2499 3209 2723 3290 σφόδρα*
2773 3210 2858 3268 διὸ
2905 3219 2999 3289 ζῇν
3044 3237 3110 3289 με
3149 3217 3378 3288 ποίησον
3426 3222 3562 3276 κατὰ

1918 3300 2008 3354 τὸν
2035 3297 2203 3372 νόμον
2228 3320 2344 3356 σου.

1994 3411 2024 3441 ‹‹
2053 3389 2156 3450 Τὰς
2183 3383 2346 3449 ὁδούς
2379 3408 2482 3461 μου
2536 3387 2843 3464 ἐξήγγειλα,
2892 3391 2982 3446 καὶ
3027 3394 3334 3469 επήκουσάς
3368 3417 3493 3470 μου.
3525 3422 3556 3450 ››

1919 3509 1989 3520 ..-.
2045 3478 2146 3540 Τὰς
2201 3474 2419 3552 πράξεις
2477 3498 2582 3549 μου
2638 3476 3074 3555 ἐξηγορευσάμην
3133 3482 3361 3539 ἐνώπιόν
3419 3506 3555 3559 σου,

1917 3564 2158 3620 τουτέστι
2211 3565 2306 3626 τὰς
2382 3565 2645 3642 ἁμαρτίας
2720 3587 2870 3642 μου,
2927 3569 3018 3624 καὶ
3086 3569 3388 3643 ἐπήκουσάς
3449 3596 3555 3648 μου

1923 3655 2252 3724 ζητήσαντος
2299 3649 2504 3731 ἄφεσιν·
2541 3677 2569 3707 ‹‹
2599 3655 2734 3731 Λέγε
2760 3655 2864 3732 γὰρ
2906 3656 2990 3732 σὺ,
3023 3659 3177 3736 φησί,
3207 3661 3304 3724 τὰς
3334 3661 3559 3738 ἀνομίας

1921 3763 2018 3797 σου
2045 3746 2262 3819 πρῶτος
2287 3738 2381 3797 τίνα
2409 3739 2722 3817 δικαιωθῇς.
2757 3767 2786 3795 ››

1995 3855 2025 3883 ‹‹
2055 3828 2274 3918 Δίδαξόν
2309 3851 2376 3904 με
2400 3831 2469 3886 τὰ
2497 3828 2838 3906 δικαιώματά
2864 3854 2981 3892 σου.
3005 3859 3035 3888 ››
3057 3869 3127 3879 -
3153 3833 3561 3918 ’Δκριϐέστερον

1922 3919 2013 3974 καὶ
2045 3916 2354 3994 βαθύτερον.

2001 4031 2031 4060 ‹‹
2079 4003 2230 4061 Ὁδὸν
2275 4001 2654 4081 δικαιωμάτων
2704 4029 2800 4064 σου
2844 4009 3114 4068 συνέτισόν
3170 4035 3256 4089 με,
3306 4017 3397 4071 καὶ
3439 4015 3570 4074 ἀδο-

1930 4093 2191 4170 λεσχήσω
2237 4091 2288 4147 ἐν
2327 4099 2444 4157 τοῖς
2493 4095 2812 4170 θαυμασίοις
2863 4120 2981 4157 σου.
3032 4126 3061 4153 ››
3090 4103 3199 4173 Τήν
3249 4099 3436 4180 τρίϐον
3467 4110 3574 4161 τῶν

1928 4181 2160 4240 ἐντολῶν
2211 4203 2308 4238 σου
2352 4183 2613 4260 γνώρισόν
2663 4207 2798 4259 μοι,
2846 4187 2998 4264 κάγὼ
3055 4189 3436 4267 ἐμμελετήσω,
3491 4195 3575 4258 οἷς

1924 4270 2475 4348 τεθαυματούργηκας
2501 4318 2519 4347 ,
2564 4267 2703 4329 ὥστε
2751 4272 3051 4353 διηγεῖσθαι
3107 4284 3276 4335 ταῦτα
3329 4280 3418 4336 καὶ
3478 4302 3574 4356 με-

1925 4360 2097 4438 γαλύν
2106 4381 2179 4416 ειν
2211 4381 2290 4417 σε.

2002 4471 2031 4500 ι(
2059 4447 2361 4518 Ἐνύσταξεν
2407 4451 2442 4518 ἠ
2489 4451 2640 4525 ψυχή
2699 4473 2804 4525 μου
2861 4451 2967 4508 ἀπὸ
3023 4454 3276 4527 ἀκηδίας’
3340 4452 3572 4533 βεϐαίω-

159 4587 312 4642 ματα
362 4569 460 4621 τοῦ
508 4535 778 4636 στόματός
829 4535 945 4619 σδυ.
979 4584 1008 4613 ››
1282 4563 1391 4615 τῶν
1437 4559 1670 4636 χειλέων
1715 4535 1820 4634 μου
1928 4538 2021 4642 δέν
2057 4558 2124 4642 Its
2151 4535 2350 4642 EV'WI‘
2397 4535 2594 4642 2‘670“
2620 4560 2764 4642 ’σουο
2791 4565 2826 4642 ξ)
2854 4543 3272 4642 ῖ,Ἐχαιζνώθῃ
3324 4545 3573 4642 ἀπὸιτῆς

156 4624 386 4726 ἐδίδαξα
407 4654 504 4715 τὰς
534 4624 755 4712 ἐντολὰς
787 4671 883 4705 σου
910 4648 1104 4712 πάσας.
1439 4624 1479 4636 Ν
1715 4624 1727 4634 ’
1860 4725 1877 4726 7
1927 4631 2036 4726 ’ξῶξθ
2070 4624 2344 4726 ξοξιμόξωκς
2395 4625 2746 4726 ἒτξαγᾏΟμὲνης.
2781 4627 3031 4726 ἀκηδέα-ς,
3083 4631 3159 4694 εἷς
3183 4635 3270 4726 Δ’ττὸῂ
3303 4632 3576 4726 συντόνως

233 4767 267 4797 (ι
304 4713 397 4798 ’ἐν
452 4713 522 4815 τῇ
582 4736 694 4811 ὁδῷ
747 4742 853 4794 τῶν
916 4737 1224 4814 μαρτυρίων
1285 4759 1380 4793 σου
1429 4736 1690 4818 ἐτέρφθην
1749 4738 1825 4800 ὡς
1854 4725 1903 4792 D
1934 4713 2294 4818 δηλξιδήξαῖξ
2326 4713 2570 4818 ἐντολαῖς
2601 4737 2698 4818 σος
2729 4715 3048 4818 ἐιξμεὶξεξᾷνο
3082 4721 3343 4799 Στήριξόν
3375 4743 3443 4796 με
3481 4719 3573 4778 οὖν

171 4831 271 4887 ἐπὶ
319 4829 479 4886 παντὶ
495 4801 774 4899 νπλούτῳ.
808 4851 838 4881 ››
869 4801 939 4868 -ί-
983 4801 1221 4896 βαδίζων
1267 4828 1367 4897 τὴν
1415 4801 1540 4882 ὁδὸν
1563 4801 1698 4883 ⁸τῶν
1749 4825 1828 4882 ἐν·
1936 4803 2094 4866 αὐτὸς
2125 4801 2201 4866 εἷς
2232 4804 2331 4873 τὴν
2365 4802 2597 4878 μελέτην
2625 4809 2733 4860 τῶν
2765 4804 3000 4862 ἐντολῶν
3033 4828 3152 4866 σου·

163 4919 359 4975 στολῶν
417 4936 538 4987 σου,
593 4913 766 4978 οὕτως
835 4914 1136 4994 εὖφράνθην
1213 4915 1289 4976 ὡς
1342 4915 1517 4970 πάντα
1583 4913 1828 4971 πλοῦτον
2011 4934 2041 4965 ‹‹
2071 4907 2222 4965 Ὀδὸν
2249 4907 2460 4973 ἀδικίας
2507 4910 2814 4983 ἀπόπησον
2860 4913 2951 4968 ἀπ’
2997 4912 3154 4990 ἐμοῦ,
3187 4914 3276 4970 καὶ
3316 4921 3397 4990 τῷ
3425 4912 3584 4991 νόμῳ

165 5007 540 5080 κτησάμενος.
1939 5021 2037 5055 σου
2081 4997 2304 5070 ἐλέησόν
2353 5019 2438 5072 με.
2493 5022 2523 5050 ››
2555 5032 2625 5041 -
2671 5003 2870 5076 Πρᾶξιν
2928 4999 3113 5058 ἄδικον
3166 5003 3436 5060 ἀπέλασον
3491 5006 3586 5061 ἀπ’

245 5119 278 5150 ‹‹
338 5097 424 5150 Ἐν
476 5098 596 5158 ταῖς
648 5091 895 5155 ἐντολαῖς
945 5113 1041 5148 σου
1087 5089 1468 5168 ἀδολεσχήσωο
1526 5093 1617 5148 καὶ
1662 5113 1826 5148 κατα·
1939 5087 2094 5162 ἐμοῦ,
2143 5087 2233 5142 καὶ
2283 5085 2505 5158 ἐλέησόν
2562 5108 2647 5162 με,
2694 5090 2872 5152 καθὼς
2921 5089 3090 5165 νόμος
3138 5114 3221 5148 σοι
3271 5092 3440 5151 ἐλεεῖν
3487 5096 3581 5151 τὸν

149 5187 359 5258 νοήσω
407 5182 506 5246 τὰς
549 5179 710 5245 ὁδούς
759 5202 876 5238 σου.
927 5204 957 5234 ››
1005 5213 1076 5222 -
1123 5181 1208 5235 Ἐν
1256 5186 1376 5243 ταῖς
1436 5178 1681 5243 ἐντολαῖς
1735 5201 1831 5234 σου
1942 5174 2192 5250 δεόμενόν
2222 5197 2318 5230 σου
2350 5173 2668 5253 ὁλοψύχως.

160 5276 429 5348 συνεχῶς
461 5269 765 5347 μελετήσω,
795 5269 1073 5324 κάντεῦθεν
1120 5263 1497 5346 ἀκριϐέστερον
1550 5269 1830 5345 γνώσομαι
2016 5287 2044 5317 ‹‹
2071 5261 2222 5319 Ὀδὸν
2271 5263 2528 5335 ἀληθείας
2566 5265 2925 5342 ᾐρετισάμην,
2971 5265 3062 5322 καῖ
3103 5268 3172 5324 τὰ
3218 5271 3456 5348 κρίματά
3485 5293 3582 5328 σου

162 5359 408 5423 ταύτας,
1944 5354 2044 5410 οὐκ
2096 5351 2458 5427 ἐπελαθόμην.
2508 5378 2537 5406 ››
2587 5387 2656 5397 -
2712 5352 2865 5418 Ὁδὸς
2915 5353 3172 5428 ἀληθείας
3226 5361 3295 5416 τὰ
3350 5361 3583 5433 ἀληθινὰ

241 5473 278 5504 ‹‹
309 5444 645 5510 ’Δνταπόδος
690 5444 772 5520 τῷ
828 5443 1016 5519 δούλῳ
1061 5465 1178 5502 σουο
1216 5448 1451 5520 ζήσομαι
1491 5446 1580 5501 καὶ
1612 5442 1834 5524 φυλάξω
1947 5439 2214 5518 δόγματα.

2019 5556 2048 5584 ‹‹
2082 5528 2420 5602 Ἐκολλήθην
2467 5537 2584 5594 τοῖς
2634 5532 2946 5608 μαρτυρίοις
2997 5555 3114 5608 σου,
3173 5535 3353 5613 Κύριε,
3409 5540 3482 5610 μή
3519 5554 3587 5610 με

1947 5620 2308 5694 καταισχύνῃς
2339 5663 2353 5676 .
2414 5645 2436 5674 ι
2499 5652 2568 5662 ——-
2626 5624 3091 5685 Δυσαποσπάστως
3148 5619 3262 5701 ἔχω
3319 5631 3424 5679 τῶν
3483 5629 3591 5678 σῶν

1949 5707 2182 5764 ἐντολῶν
2211 5755 2222 5766 .
2272 5707 2362 5779 Μὴ
2407 5705 2503 5809 οὖν
2549 5713 2958 5789 παραχωρήσςις
3007 5711 3360 5804 αἰσχυνθῆναι
3410 5712 3462 5774 ἐν
3507 5717 3590 5809 τῷ

1951 5799 2254 5875 ἡττηθῆναι
2287 5797 2375 5856 ὑπ’
2404 5796 2631 5880 ἐχθρῶν.

158 5538 306 5600 τοὺς
367 5535 568 5612 λόγους
614 5555 734 5592 σου.
770 5557 793 5587 ι
829 5566 898 5576 --
956 5534 1103 5589 Ἀντί
1161 5541 1260 5604 τῆς
1311 5533 1363 5589 ἐν
1421 5539 1542 5596 ταῖς
1593 5533 1835 5596 ἐντολαῖς

158 5648 272 5683 σου
335 5621 661 5701 ἀδολεσχίας
696 5668 711 5697 ,
754 5623 844 5678 καὶ
893 5628 1012 5685 τοῖς
1061 5620 1391 5695 δικαιώμασί
1440 5643 1535 5677 σου
1581 5620 1835 5696 μελέτης.

163 5711 395 5777 ἀπόδος
442 5708 683 5786 ἀμόιϐἠν
733 5716 812 5785 τῷ
864 5708 1049 5784 δούλῳ
1096 5731 1212 5768 σου,
1260 5711 1350 5772 Τίς
1399 5709 1456 5765 δὲ
1504 5712 1539 5782 ἡ
1581 5706 1837 5784 amna];

165 5801 555 5900 Διαφεύξομαι
601 5799 696 5863 τθν
760 5802 986 5862 θάνατον
1026 5805 1127 5877 τῆς
1184 5803 1411 5884 ψυχῆς,
1468 5800 1559 5860 καὶ
1614 5802 1841 5878 τηρήσω
