3998 6400
189 461 342 526 1585

1397 463 1814 529 EXPOSITIO
1858 462 1937 526 IN
1980 464 2372 532 PSALMOS.

3428 450 3585 518 1586

253 617 283 647 ‹‹
312 590 668 670 Χρηστότητα
714 592 978 665 ἐποίησας
1024 596 1158 669 μετὰ
1183 601 1280 652 τοῦ
1328 595 1528 654 δούλου
1578 619 1694 670 σου,
1728 597 1827 652 Κύ-
1856 599 1908 664 Α
1941 595 2228 654 λάσσουσιν
2295 597 2512 663 ἐντολὰς
2583 599 2674 654 καὶ
2721 585 3074 672 ἀντιλήπτωρ
3121 592 3238 654 τοῖς
3290 589 3583 664 μετανοοῦ-

190 702 290 760 ριε,
321 685 456 738 κατά
507 684 597 738 τὸν
650 682 816 759 λόγον
872 705 987 739 σου.
1024 708 1051 736 ››
1084 717 1153 727 -
1198 685 1518 763 Εὐεργεσίαν
1571 686 1828 757 ἐποίησας

189 779 300 845 μετ’
353 772 508 846 ἐμοῦ,
538 774 716 835 καθὼς
778 772 831 828 ἐν
889 779 968 846 τῷ
1023 773 1181 848 νόμῳ
1211 773 1344 854 ἔφης
1384 776 1678 852 εὐεργετεῖν
1707 775 1833 838 τοὺς

191 861 605 938 εὐαρεστοῦντάς
635 884 740 919 σοι.

263 975 282 1002 ι
321 951 680 1028 Χρηστότητα
733 951 822 1006 καὶ
897 949 1140 1007 παιδείαν
1225 955 1314 1007 καὶ
1370 958 1562 1029 γνῶσιν
1623 951 1829 1024 δίδαξόν

191 1061 274 1112 με,
307 1038 388 1094 ὅτι
446 1046 564 1102 ταῖς
621 1040 868 1103 ἐντολαῖς
926 1061 1022 1095 σου
1083 1039 1386 1099 ἐπίστευσα.
1416 1068 1443 1094 ››
1479 1070 1542 1089 =
1589 1041 1830 1114 Χρηστό-

184 1150 322 1200 τητα
350 1130 489 1204 πρὸς
517 1128 644 1192 τοὺς
683 1131 962 1206 ὁμογενεῖς
992 1127 1240 1184 παιδείαν
1290 1133 1388 1199 τήν
1436 1130 1486 1186 ἐν
1537 1135 1829 1207 πρακτικῇ,

186 1221 379 1292 γνῶσιν
410 1219 509 1287 τὴν
544 1218 597 1273 ἐν
625 1220 953 1296 θεωρητικῇ.
985 1222 1063 1278 Τὸ
1117 1219 1400 1276 ἐπίστευσα
1457 1217 1515 1275 δὲ
1569 1221 1632 1274 τὸ
1690 1219 1830 1274 ἐπεί-

187 1318 317 1378 σθην
352 1304 542 1378 δηλοῖ.

253 1419 280 1449 (ι
314 1397 434 1470 Πρὸ
492 1401 590 1451 τοῦ
653 1419 719 1471 με
772 1401 1166 1469 ταπεινωθῆναι
1223 1399 1332 1474 ἐγὼ
1397 1395 1827 1471 ἐπλημμέλησαο

183 1481 271 1540 διὰ
323 1489 486 1540 τοῦτο
539 1486 604 1540 τὸ
661 1485 846 1563 λόγιόν
906 1509 1002 1542 σου
1059 1486 1312 1565 ἐφύλαξα.
1348 1514 1374 1539 υ
1427 1520 1495 1528 —
1550 1494 1828 1563 Ἥμαρτον

184 1573 288 1629 εἴτε
343 1576 730 1654 κατεκάμφθην
790 1581 910 1638 τοῖς
969 1583 1313 1653 πειρασμοῖς·
1375 1574 1460 1631 διὸ
1515 1581 1642 1653 γοῦν
1684 1576 1832 1631 ἐπει-

185 1660 406 1737 ράσθην,
444 1662 680 1741 ἐφύλαξά
735 1685 831 1720 σου
886 1665 980 1728 τὰς
1011 1663 1367 1738 ἐντολάς,’ίνα
1428 1667 1501 1739 μή
1559 1662 1725 1720 πάλιν
1771 1665 1830 1719 ά-

198 1756 372 1830 μαρτή
380 1775 476 1815 σας
508 1755 801 1828 πειρασθῶ.

258 1863 287 1891 ‹‹
340 1840 688 1910 Ἐπληθύνθη
743 1840 824 1896 ἐπ⁹
881 1841 979 1916 ἐμὲ
1033 1839 1215 1897 ἀδικία
1294 1840 1669 1920 ὑπερηφάνωνο
1719 1840 1828 1916 ἐγὼ

1943 707 2046 744 σιν.

2021 798 2048 830 ιι
2081 775 2356 852 Ἐξέλιπον
2417 778 2468 832 οἱ
2527 774 2804 856 ὀφθαλμοί
2862 795 2966 848 μου
3017 771 3094 836 εἷς
3151 771 3214 827 τὸ
3246 765 3433 846 λόγιόν
3468 785 3585 856 Δσου

1943 861 2209 938 λέγοντες·
2274 866 2412 920 Πότε
2475 853 2869 941 παρακαλέσεις
2935 882 3042 935 με;
3084 879 3114 913 ›ῑ
3171 891 3240 902 -
3299 853 3613 927 ἘξεΛύθη-,

1943 973 2036 1006 σαν
2065 953 2117 1006 οἱ
2145 955 2242 1021 τῆς
2294 953 2430 1026 ἐμῆς
2483 956 2668 1029 ψυχῆς
2719 949 2998 1030 ὀφθαλμοὶ
3044 948 3134 1004 καὶ
3183 946 3454 1017 ήτόνησαν
3507 943 3586 1007 εἰς

1941 1041 2038 1109 την
2093 1043 2191 1111 σήν
2249 1041 2560 1120 ἀφορῶντες
2620 1041 2935 1116 ὑπόσχεσιν,
2965 1039 3054 1093 καὶ
3115 1040 3398 1108 ζητοῦντες
3455 1033 3587 1089 πότε

1946 1151 2011 1203 με
2041 1133 2462 1206 ψυχαγωγήσεις
2494 1128 2806 1200 ἀπαλλάξας
2833 1132 2941 1184 τῶν
2967 1130 3307 1204 πειρασμῶν.

2013 1261 2041 1288 ‹‹
2073 1240 2190 1292 ’Ότι
2240 1237 2493 1314 ἐγενήθην
2545 1238 2620 1301 ὡς
2670 1236 2831 1299 ἀσκὸς
2879 1236 2930 1292 ἐν
2974 1234 3178 1311 πάχνῃ,
3225 1233 3292 1288 τὰ
3355 1229 3586 1286 δικαιώ-

1943 1323 2084 1398 ματά
2142 1347 2236 1380 σου
2295 1325 2394 1381 οὐκ
2448 1325 2814 1400 ἐπελαθόμην.
2851 1349 2880 1376 ›)
2917 1357 2986 1367 -
3031 1327 3150 1378 *Ότι
3196 1320 3377 1398 ὥσπερ
3421 1321 3582 1382 ἀσκὸς

1941 1414 1993 1469 ἐν
2021 1413 2204 1491 πάχνη
2245 1418 2510 1492 πήγνυται
2557 1415 2646 1471 καὶ
2690 1414 3066 1490 σκληρύνεται,
3098 1413 3240 1468 οὕτω
3286 1411 3376 1466 καὶ
3423 1409 3582 1472 αὐτὸς

1940 1503 2288 1575 συνεπιέσθην
2361 1505 2451 1560 καὶ
2536 1503 2933 1580 κατεξηράνθην
3026 1508 3144 1564 τοῖς
3233 1502 3580 1575 πειρασμοῖς,

1938 1593 2029 1647 καὶ
2076 1593 2169 1655 τὰς
2217 1591 2426 1657 δικαίας
2475 1615 2572 1649 σου
2617 1593 2819 1669 κρίσεις
2866 1592 2944 1656 εἰς
3007 1593 3231 1666 μνήμην
3287 1587 3403 1666 ἔχω
3467 1584 3582 1643 δια-

1939 1681 2158 1744 παντός.

2009 1794 2038 1822 ‹‹
2071 1765 2240 1825 Πόσαι
2288 1768 2418 1826 εῒσὶν
2471 1773 2524 1826 αἱ
2571 1769 2774 1847 ἡμέραι
2837 1774 2936 1825 τοῦ
3000 1766 3203 1824 δούλου
3249 1787 3404 1847 ’σου;
3449 1765 3583 1822 πότε

1937 1861 2187 1929 ποιήσεις
2247 1881 2342 1933 μοι
2399 1859 2458 1915 ἐκ
2525 1865 2632 1915 τῶν
2682 1856 3126 1914 καταδιωκόντων
3197 1842 3264 1932 μέ
3307 1856 3514 1934 κρίσιν;
3545 1877 3572 1910 ι

189 1925 245 1983 δὲ
273 1927 336 2032 ἐξ.
358 1927 825 2032 δξλκῃβαρδξῇμου
858 1929 1185 2032 ἐξερευνήίξω
1214 1932 1310 1992 τὰς
1367 1929 1588 1992 ἐντολάς
1647 1951 1762 1985 σου·
1798 1955 1825 1982 ”
1859 1967 1907 2032 B
1936 1980 2006 1990 ——
2036 1925 2203 2003 Πόσαι
2247 1925 2391 2018 εἰσί;
2439 1950 2661 2010 Πάντως
2712 1946 2917 2022 ὀλίγαι.
2966 1942 3106 2002 Πότε
3171 1925 3420 2017 ποιήσεις
3487 1925 3580 2018 μοι

189 2051 257 2061 -—-
287 2017 485 2074 ΙΙολλά
518 2041 584 2091 με
613 2016 877 2090 ἠδίκησαν
905 2020 957 2073 οἳ
987 2021 1316 2096 παράνομοι.

261 2149 289 2175 ‹‹
322 2125 595 2201 Ἐτυρώθη
630 2125 703 2187 ὡς
750 2124 896 2200 γάλα
927 2128 961 2194 ἡ
993 2123 1187 2202 καρδία
1241 2125 1435 2180 αὐτῶν’
1471 2125 1581 2200 ἐγὼ
1639 2123 1696 2180 δὲ
1741 2127 1831 2180 τὸν

187 2213 352 2286 νόμον
413 2235 508 2268 σου
566 2211 889 2287 ἐμελέτησα.
924 2213 1456 2288 ››-Ἐσκληρύνθη
1520 2216 1634 2268 κατ’
1696 2213 1831 2288 ἐμοῦ

189 2300 446 2379 ἡκαρδία
499 2301 663 2357 αὐτοῦ
721 2301 879 2373 δίκην
931 2302 1200 2380 γάλακτος
1259 2302 1574 2378 πηγομένου
1632 2303 1708 2366 εἰς
1745 2326 1834 2358 τυ-

223 2390 303 2448 όν.

223 2412 303 2448 ον.

190 2412 217 2468 ρ
261 2504 288 2531 ‹‹
324 2480 548 2555 Ἀγαθόν
580 2500 673 2553 μοι
714 2479 796 2534 ὅτι
830 2479 1188 2542 ἐταπείνωσάς
1237 2503 1321 2553 με,
1357 2480 1504 2543 ὅπως
1563 2481 1623 2536 ἂν
1680 2483 1833 2554 μάθω

186 2569 252 2623 τά
293 2565 636 2642 δικαιώματά
665 2590 781 2625 σου.
817 2594 845 2621 ››
881 2603 947 2612 -
979 2571 1262 2647 Συμφέρον
1326 2591 1420 2643 μοι
1478 2571 1694 2646 γέγονεν
1749 2570 1831 2626 ὅτι

193 2659 541 2732 κατέκαμψάς
577 2680 643 2731 με
671 2665 786 2720 τοῖς
815 2665 1159 2732 πειρασμοῖς,
1186 2656 1280 2713 τίνα
1314 2660 1468 2732 μάθω
1514 2662 1578 2714 τὸ
1625 2657 1831 2715 δίκαιόν

191 2767 306 2819 σου,
339 2751 458 2810 πῶς
487 2746 738 2816 κολάζεις
769 2747 896 2809 τοὺς
932 2749 1351 2823 ἁμαρτάνοντας.

265 2859 291 2886 ‹‹
325 2837 395 2890 Αἱ
453 2834 635 2911 χεῖρές
693 2857 787 2890 σου
847 2835 1104 2905 ἐποίησάν
1160 2858 1227 2910 με
1283 2837 1374 2891 καὶ
1443 2835 1677 2892 ἔπλασάν
1745 2857 1830 2912 με’

189 2923 459 2979 συνέτισόν
525 2945 610 2998 με,
642 2924 732 2979 καὶ
795 2926 1109 2998 μαθήσομαι
1165 2926 1260 2988 τὰς
1318 2924 1539 2988 ἐντολάς
1596 2948 1711 2983 σου.
1771 2927 1834 2982 Οἱ

192 3009 520 3092 φοϐούμενοί
577 3035 635 3068 σε
693 3009 916 3088 ὅψονταί
975 3036 1041 3088 με
1097 3014 1186 3068 καὶ
1242 3013 1717 3092 εὐφρανθήσονται,
1751 3015 1833 3084 ὅτι

195 3102 268 3166 εἷς
322 3101 446 3165 τοὺς
529 3101 730 3178 λόγους
812 3123 908 3157 σου
992 3101 1289 3174 ἐπήλπισα.
1351 3127 1379 3154 ››
1439 3104 1694 3178 Ὄψονταί
1769 3125 1835 3178 με

190 3189 274 3246 ὅτι
304 3191 382 3254 εἰς
409 3189 537 3254 τοὺς
573 3189 774 3266 λόγους
821 3211 916 3246 σου
964 3189 1262 3264 ἐπήλπισα,
1293 3191 1382 3247 καὶ
1439 3191 1831 3271 εὐφρανθήσον-

187 3301 294 3337 ται.

261 3393 289 3421 ‹‹
319 3371 548 3444 Ἕγνων,
579 3368 762 3445 Κύριε,
793 3368 876 3424 ὅτι
935 3369 1244 3440 δικαιοσύνη
1295 3372 1361 3424 τά
1416 3370 1654 3447 κρίματά
1711 3392 1827 3443 σου,

191 3458 280 3514 καὶ
311 3456 543 3529 ἀληθείᾳ
599 3457 958 3521 ἐταπείνωσάς
1010 3481 1096 3532 με.
1129 3485 1156 3510 ››
1190 3493 1260 3502 —
1287 3463 1496 3535 Ἕγνων
1547 3464 1615 3533 τῇ
1671 3459 1832 3536 πείρᾳ

184 3545 267 3601 δτι
328 3543 526 3601 δίκαιαι
585 3546 641 3600 αἰ
689 3546 894 3622 κρίσεις
926 3567 1043 3616 σου,
1091 3547 1180 3600 καὶ
1250 3543 1561 3620 δικαιοσύνῃ
1612 3546 1820 3621 ἐπείρα-

194 3636 286 3696 σάς
318 3656 403 3708 με.

262 3748 288 3774 ‹‹
322 3725 614 3794 Γενηθήτω
646 3721 712 3794 δὴ
742 3724 805 3778 τὸ
835 3719 986 3786 ἔλεός
1038 3745 1133 3778 σου
1180 3728 1278 3778 τοῦ
1333 3722 1704 3800 παρακαλέσαι
1764 3747 1829 3798 με

182 3812 315 3867 κατά
342 3811 406 3867 τὸ
437 3811 622 3889 λόγιόν
655 3833 751 3867 σου
779 3817 858 3885 τῷ
889 3811 1074 3885 δούλῳ
1105 3834 1220 3866 σου.
1256 3837 1282 3864 ››
1325 3814 1396 3867 Τὸ
1444 3812 1637 3868 λοιπὸν
1680 3812 1827 3889 γενέ-

183 3902 293 3955 σθω
327 3922 420 3974 μοι
448 3900 511 3956 τὸ
542 3898 693 3964 ἔλεός
722 3923 818 3956 σου
877 3900 1014 3956 ὥστε
1071 3900 1470 3977 ψυχαγωγῆσαί
1530 3922 1616 3974 με,
1647 3903 1826 3964 καθὼς

185 3988 237 4044 ἐν
293 3989 452 4063 νόμῳ
499 3989 806 4067 ἐπηγγείλω
861 3994 969 4046 τῶν
1038 3990 1438 4064 μετανοούντων
1497 3988 1733 4064 ἀντιλαμ
1770 3990 1830 4045 ά-

184 4080 383 4135 νεσθαι.

256 4191 283 4219 (ι
314 4165 647 4223 Ἐλθέτωσάν
685 4189 776 4242 μοι
824 4168 877 4222 οἱ
922 4161 1212 4243 ὀἰκτιρμοί
1269 4189 1384 4240 σου,
1418 4167 1508 4223 καί
1567 4169 1824 4241 ζήσομαι,

181 4253 265 4310 ὅτι
297 4257 324 4310 6
356 4251 526 4330 νόμος
570 4277 665 4310 σου
709 4253 911 4330 μελέτη
968 4257 1072 4330 μού
1121 4257 1284 4314 ἐστιν.
1317 4282 1345 4310 ››
1378 4290 1445 4300 -—
1497 4255 1824 4312 Ἑλθέτωσάν

186 4365 302 4418 μοι,
336 4342 473 4400 διότι
507 4346 700 4400 λοιπὸν
733 4347 760 4400 6
791 4344 960 4418 νόμος
993 4367 1088 4400 σου
1124 4344 1320 4416 μελέτη
1358 4344 1462 4418 μού
1492 4345 1655 4403 ἐστιν.

254 4458 280 4484 ι(
315 4434 771 4510 Αίσχυνθήτωσαν
825 4435 1177 4512 ὑπερήφανοι,
1226 4433 1309 4488 ὅτι
1370 4431 1571 4497 ἀδίκως
1617 4430 1828 4509 ἠνόμη-

179 4543 272 4576 σαν
334 4523 412 4584 εἰς
467 4522 584 4595 ἐμέο
618 4521 726 4598 ἐγὼ
787 4520 844 4578 δὲ
900 4521 1261 4598 ἀδολεσχήσω
1320 4522 1372 4577 ἐν
1417 4528 1538 4585 ταῖς
1578 4522 1823 4586 ἐντολαῖς

181 4632 297 4668 σου.
333 4635 362 4662 ››
391 4644 460 4653 -
487 4611 951 4686 Αίσχυνθήτωσαν
987 4611 1038 4666 ἐν
1069 4616 1146 4683 τῷ
1171 4614 1493 4683 ἡττηθῆναι.

1941 2034 2218 2091 δικαίωσιν
2276 2037 2383 2092 ἀπὸ
2438 2041 2548 2092 τῶν
2606 2035 3050 2092 καταδιωκόντων
3116 2057 3183 2109 με
3225 2037 3432 2112 ὁρατῶν
3490 2033 3579 2090 καὶ

1939 2127 2183 2203 ἀοράτων
2218 2125 2429 2202 ἐχθρῶν
2460 2126 2650 2203 πόρρω
2677 2123 2950 2188 ἀπελάσας
2981 2123 3175 2186 αὐτούς
3200 2143 3213 2194 ;

2013 2239 2040 2267 ι(
2094 2215 2434 2292 Διηγήσαντό
2505 2237 2602 2289 μοι
2677 2215 2985 2291 παράνομοι
3053 2211 3401 2288 ἀδολεσχίας,
3459 2209 3587 2266 ἀλλ’

1940 2303 2046 2380 οὐχ
2093 2305 2166 2366 ὡς
2214 2306 2241 2358 6
2283 2304 2453 2377 νόμος
2505 2326 2601 2360 σου
2653 2303 2834 2380 Κύριε.
2889 2327 2916 2354 ››
2968 2337 3033 2345 -
3084 2301 3436 2380 Ἐφθέγξαντό
3491 2322 3584 2374 μοι

1939 2393 2245 2466 παράνομοι
2306 2391 2647 2468 πολυλογίας
2713 2391 2953 2454 ἐναντίας
3013 2391 3093 2463 τῷ
3157 2390 3314 2463 νόμῳ
3371 2411 3489 2461 σου,
3535 2389 3589 2444 οἳ

1945 2482 2039 2553 μὲν
2075 2477 2536 2555 συμϐουλεύοντες
2567 2479 2775 2537 ἀνελεῖν
2815 2479 2943 2543 τοὺς
2983 2479 3238 2556 ἐχθροὺς,
3270 2479 3322 2534 οἱ
3363 2476 3421 2534 δὲ
3475 2499 3590 2533 συν-

1942 2570 2284 2646 εστραμμένα
2369 2571 2674 2646 εἶ’σάγοντες
2755 2568 3019 2646 δόγματα.
3106 2567 3460 2643 Παρανόμους
3532 2565 3590 2622 δὲ

1940 2661 2191 2736 πρώτους
2223 2659 2568 2732 ὑποληπτέον
2601 2659 2725 2721 τοὺς
2757 2657 3036 2732 δαίμονας.

2014 2772 2042 2799 ‹‹
2074 2753 2244 2803 Πᾶσαι
2278 2750 2332 2803 αἱ
2379 2748 2590 2804 ἐντολαί
2640 2769 2734 2804 σου
2785 2747 3031 2817 ἀλήθεια·
3082 2744 3283 2809 ἀδίκως
3331 2743 3590 2802 κατεδίω-

1943 2836 2031 2906 ξάν
2092 2857 2177 2908 με’
2215 2837 2487 2912 βοήθησόν
2549 2858 2664 2911 μοι.
2703 2862 2722 2887 ο
2759 2869 2825 2878 -
2873 2841 3047 2891 Πᾶσαι
3102 2833 3328 2906 ἀληθεῖς
3387 2835 3438 2890 ἐν
3499 2836 3586 2898 αἷς

1943 2923 2228 2988 ἐκέλευσας
2287 2927 2364 2999 μή
2422 2923 2645 2983 ἀδικεῖν.
2703 2922 3071 2999 Ἀδικουμένῳ
3125 2922 3215 2980 οὗν
3305 2922 3584 2999 βοήθησόν

1947 3033 2061 3088 μοι.

2015 3127 2044 3156 (ι
2095 3102 2247 3178 Παρὰ
2317 3101 2496 3179 βραχὺ
2546 3100 2885 3158 συνετέλεσάν
2953 3123 3020 3175 με
3063 3100 3127 3174 [ἐν
3192 3104 3262 3176 τῇ
3473 3100 3585 3176 ἐγὼ

1943 3188 2002 3247 δὲ
2032 3191 2130 3247 οὐκ
2159 3189 2507 3268 ἐγκατέλιπον
2545 3193 2638 3254 τὰς
2682 3189 2903 3253 ἐντολάς
2949 3212 3066 3247 σου.
3100 3213 3130 3242 ››
3171 3222 3241 3234 -ο
3288 3191 3422 3266 Παρ’
3472 3188 3590 3246 ὀλί-

1941 3303 2036 3356 γον
2104 3279 2316 3336 άνεῖλόν
2407 3301 2494 3354 με,
2551 3277 2858 3335 συντελέσαι
2922 3277 3411 3355 παρασκευάσαντες
3484 3279 3584 3348 τὴν

1947 3371 2090 3440 ζωὴν
2129 3369 2178 3424 ἐν
2207 3375 2286 3442 τῷ
2329 3369 2504 3448 τάφῳ.
2539 3370 2680 3444 Ἐγὼ
2730 3367 2788 3424 δὲ
2837 3366 2950 3424 οὐδ’
2995 3368 3166 3431 οὕτως
3207 3367 3440 3439 ἀπέστην
3483 3373 3588 3438 τῆς

1942 3457 2174 3532 μελέτης
2207 3459 2295 3513 καὶ
2328 3457 2576 3536 φυλακῆς
2606 3463 2712 3513 τῶν
2740 3463 2846 3513 σῶν
2871 3457 3129 3514 ἐντολῶν.

2011 3573 2039 3600 ‹‹
2073 3548 2163 3610 Εἰς
2212 3548 2300 3602 τὸν
2353 3548 2546 3616 αἰῶνα,
2578 3546 2758 3622 Κύριε,
2803 3549 2830 3602 6
2881 3544 3050 3622 λόγος
3094 3567 3189 3601 σου
3239 3543 3478 3620 διαμένει
3531 3546 3583 3602 ἐν

1935 3641 2014 3708 τῷ
2063 3636 2294 3713 οὐρανῷ.
2331 3659 2352 3688 ι
2389 3670 2457 3677 -
2504 3637 2616 3690 Ἀεὶ
2662 3636 2724 3690 τὸ
2767 3636 3096 3712 πρόσταγμά
3139 3655 3239 3689 σου
3292 3632 3586 3692 ἀσάλευτον

1938 3722 2180 3799 διαμένει
2247 3725 2298 3780 ἐν
2357 3729 2437 3798 τῷ
2498 3723 2734 3800 οὐρανῷο
2787 3727 2823 3794 ἠ
2872 3723 3104 3795 ἀλήθεια
3171 3727 3268 3778 τοῦ
3330 3722 3586 3779 τοιούτου

1936 3813 2348 3891 προστάγματος
2398 3811 2487 3868 διὰ
2531 3815 2710 3883 πάσης
2763 3819 2946 3888 γενεᾶς
3005 3810 3282 3885 ἀληθεύει,
3338 3813 3414 3886 μή
3488 3833 3583 3888 με-

1933 3903 2330 3976 τακινουμένης
2393 3909 2494 3972 τῆς
2562 3901 2868 3978 ὁρισθείσης
2931 3901 3132 3973 τάξεως
3197 3906 3278 3974 τῷ
3347 3901 3584 3979 οὐρανῷ.

2009 4033 2038 4062 ‹‹
2067 4009 2465 4084 Ἐθεμελίωσας
2492 4010 2590 4079 τὴν
2636 4016 2760 4085 γῆν,
2790 4010 2881 4064 καὶ
2932 4006 3189 4083 διαμένει.
3227 4032 3255 4060 ››
3284 4041 3353 4052 -
3382 4010 3583 4080 Ἔστη-

1934 4120 2030 4161 σας
2081 4101 2181 4168 τὴν
2231 4105 2359 4174 γῆν,
2409 4098 2498 4153 καὶ
2577 4095 2816 4171 διαμένει
2866 4100 3044 4160 καθῶς
3112 4095 3355 4171 διετάξω·
3407 4097 3498 4152 καὶ
3547 4099 3584 4167 ἡ

1933 4188 2116 4264 ἡμέρα
2145 4185 2202 4242 δὲ
2251 4188 2430 4252 καθὼς
2481 4183 2704 4258 διετάξω
2753 4184 3016 4260 διαμένει,
3050 4185 3319 4258 αὐξομένη
3365 4182 3580 4257 δηλαδή

1932 4277 2022 4332 καὶ
2104 4271 2396 4350 μειουμένη
2477 4276 2568 4331 καὶ
2643 4276 2728 4330 ἀεὶ
2795 4277 2896 4344 τὴν
2955 4274 3122 4330 νύκτα
3189 4272 3580 4350 διαδεχομένηο

1931 4367 2106 4421 πάντα
2150 4365 2250 4442 γάρ
2311 4387 2396 4420 σοι
2448 4363 2717 4437 δουλεύει,
2767 4363 3044 4421 συνεΛόντι
3112 4364 3304 4436 εἰπεῖν,
3355 4363 3446 4419 καὶ
3503 4367 3585 4436 ἡ

1931 4459 2011 4528 σῷ
2041 4455 2265 4529 νεύματι
2297 4451 2504 4529 ἄγεται.

2006 4569 2033 4596 ‹‹
2065 4543 2130 4599 Εἰ
2192 4545 2267 4618 μὴ
2323 4542 2405 4599 ὅτι
2436 4545 2463 4599 6
2493 4542 2664 4617 νόμος
2725 4563 2821 4598 σου
2883 4539 3082 4616 μελέτη
3147 4540 3252 4616 μού
3293 4541 3425 4614 ἐστι,
3455 4538 3582 4597 τότε

1933 4631 1992 4687 ἂν
2029 4631 2336 4706 ἀπωλόμην
2371 4633 2423 4688 ἐν
2451 4636 2521 4706 τῇ
2551 4632 2866 4687 ταπεινώσει
2901 4652 3032 4704 μου.
3069 4654 3098 4683 ››
3133 4663 3200 4674 -
3229 4629 3294 4688 Εἰ
3330 4630 3407 4703 μὴ
3439 4625 3580 4686 διότι

251 4741 279 4769 ‹‹
312 4718 816 4795 Ἐπιστρεψάτωσάν
881 4739 948 4791 με
998 4719 1050 4772 οἱ
1107 4713 1438 4796 φοϐούμενοί
1498 4739 1576 4785 σε,
1627 4718 1717 4772 καὶ
1773 4721 1826 4774 οἱ
1856 4700 1902 4765 D
1936 4721 1964 4775 6
1993 4720 2162 4794 νόμος
2213 4700 2309 4776 σου
2361 4700 2561 4795 μελέτη
2607 4719 2713 4793 μού
2761 4700 2924 4790 ἐστιν,
2958 4714 3296 4791 ἐϐοηθήθην,
3331 4700 3471 4774 ’τότε
3517 4717 3579 4774 ἂν

178 4807 538 4881 γινώσκοντες
574 4807 642 4860 τὰ
684 4805 953 4884 μαρτύριά
1000 4827 1116 4864 σου.
1149 4830 1179 4860 ››
1211 4839 1281 4849 -
1327 4803 1526 4861 Εῗποτε
1571 4807 1825 4862 ἀποπλα-

175 4896 328 4965 νηθῶ
357 4898 464 4949 τῶν
498 4894 736 4950 ἐντολῶν
771 4915 888 4952 σου.

250 5007 279 5035 ‹‹
311 4984 600 5054 Γενηθήτω
629 4986 664 5052 ἡ
696 4981 889 5060 καρδία
920 5006 1025 5057 μου
1059 4986 1292 5057 ἄμωμος
1339 4983 1389 5038 έν
1439 4991 1555 5046 τοῖς
1605 4982 1820 5040 δικαιώ-

179 5071 311 5145 μασί
361 5092 478 5142 σου,
521 5071 672 5134 ὅπως
706 5072 764 5126 ἃν
819 5074 894 5146 μή
937 5072 1230 5149 αἰσχυνθῶ.
1266 5097 1293 5123 ››
1324 5106 1392 5114 —
1437 5068 1706 5149 Ἀκριϐῶς
1754 5076 1821 5129 τά

173 5158 524 5234 δικαιώματά
551 5181 647 5216 σου
693 5161 1056 5238 φυλάττουσα,
1084 5159 1172 5216 ⁹ίνα
1205 5163 1278 5235 μή
1327 5162 1389 5216 τὸ
1443 5161 1678 5224 συνειδὸς
1724 5184 1818 5218 κα-

169 5253 476 5325 ταισχυνθῇ
487 5293 500 5306 .

246 5361 275 5388 ‹‹
308 5336 576 5392 Ἐκλείπει
636 5338 711 5401 εἰς
762 5340 825 5394 τὸ
871 5338 1142 5416 σωτήριύν
1177 5361 1272 5395 σου
1301 5343 1336 5410 ἡ
1369 5342 1520 5415 ψυχή
1585 5363 1707 5413 μου·
1741 5340 1818 5403 εἰς

167 5426 299 5488 τοὺς
331 5426 531 5502 λόγους
562 5449 657 5482 σου
688 5426 985 5498 ἐπήλπισα.
1018 5457 1044 5482 ››
1078 5463 1145 5470 -
1175 5430 1336 5502 Πόθῳ
1393 5426 1610 5508 σφνδρῷ
1650 5451 1818 5505 προσ-

173 5511 479 5591 δεχόμενος
532 5518 632 5586 τήν
680 5518 827 5593 παρά
872 5522 968 5572 σοῦ
1020 5519 1292 5594 σωτηρίαν
1363 5517 1684 5591 ἐκτήκομαι,
1743 5518 1820 5580 εἰς

172 5604 344 5674 αὐτὴν
377 5601 456 5659 ἔτι
490 5603 852 5682 βραδύνουσαν
885 5607 973 5660 καὶ
1003 5601 1454 5680 ἀναϐαλλομένην
1514 5606 1596 5661 ἀεὶ
1649 5627 1818 5681 προσ-

177 5691 380 5750 δοκῶν.
428 5692 732 5770 ΙΙροσδοκῶ
793 5693 851 5750 δὲ
903 5695 1104 5766 ταύτην
1157 5695 1227 5769 τῇ
1286 5692 1466 5750 ἐλπίδι
1525 5700 1632 5750 σῶν
1690 5695 1820 5750 ὑπο-

179 5781 443 5858 σχέσεων·
479 5778 614 5862 ἕφης
656 5785 756 5861 γάρ
796 5785 979 5862 σωτὴρ
1031 5783 1236 5849 ἔσεσθαι
1281 5789 1395 5847 τοῖς
1442 5784 1536 5846 τὰς
1587 5785 1683 5847 σὰς
1731 5807 1825 5864 φυ-

1935 4808 2243 4884 ἀπωλόμην
2293 4814 2544 4885 ψυχικῶς
2592 4809 2682 4865 ὅτε
2724 4809 3086 4879 ἐταπεινώθην
3154 4807 3245 4864 καὶ
3304 4808 3576 4882 κατεκάμ-

1933 4901 2072 4977 φθην
2105 4904 2221 4962 τοῖς
2252 4903 2598 4974 πειρασμοῖς.

2008 5013 2034 5040 (ι
2067 4988 2160 5050 Εἷς
2215 4988 2306 5042 τὸν
2366 4987 2532 5042 αἰῶνα
2580 4986 2642 5043 οὐ
2696 4987 2772 5060 μή
2822 4983 3166 5059 ἐπιλάθωμαι
3212 4987 3322 5039 τῶν
3355 4980 3579 5040 δικαιω-

1935 5078 2118 5150 μάτων
2157 5098 2272 5149 σου,
2307 5075 2389 5132 ὅτι
2431 5077 2484 5131 ἐν
2535 5075 2718 5138 αὐτοῖς
2770 5071 2966 5146 ἕζησάς
3021 5095 3106 5148 με.
3145 5098 3166 5126 ι
3201 5106 3268 5116 -
3299 5073 3399 5128 Διά
3442 5094 3578 5128 παν-

1929 5166 2024 5228 τὸς
2060 5165 2418 5239 μνημονεύσω
2462 5169 2570 5220 τῶν
2621 5165 3050 5240 προσταγμάτων
3103 5184 3198 5218 σου
3257 5167 3355 5218 τοῦ
3413 5169 3579 5233 ποιῆ-

1933 5275 2019 5308 σαι
2072 5253 2224 5308 αὐτά’
2260 5251 2330 5308 δι’
2379 5253 2552 5308 αὐγῶν
2609 5255 2709 5330 γὰρ
2768 5252 3020 5322 ἐζώωσάς
3079 5272 3184 5325 μου
3227 5252 3326 5322 τὴν
3392 5252 3577 5328 ψυχθμ

1931 5340 2041 5413 ἤδη
2071 5348 2189 5405 τοῖς
2219 5348 2542 5418 πειρασμοῖς
2575 5343 3040 5413 ἀποθνήσκουσαν.

2003 5457 2031 5483 ‹‹
2067 5431 2169 5493 Σός
2203 5432 2314 5505 εἰμι
2347 5431 2476 5507 ἐγὼ,
2511 5431 2682 5486 σῶσόν
2718 5450 2802 5503 με·
2839 5429 2920 5485 ὅτι
2968 5429 3035 5485 τὰ
3083 5426 3427 5504 δικαιώματά
3482 5449 3578 5484 σου

1932 5519 2244 5593 ἐξεζήτησα.
2291 5545 2318 5571 ››
2369 5553 2436 5562 -
2485 5521 2590 5582 Σὸς
2639 5519 2746 5596 ἐγὼ
2793 5517 3012 5592 δοῦλος,
3055 5516 3195 5574 διότι
3239 5520 3308 5574 τά
3355 5515 3577 5572 δικαιώ-

1937 5609 2077 5682 ματά
2108 5630 2203 5664 σου
2235 5609 2545 5680 ἐξεζήτησα.

2012 5699 2199 5771 «Ἐμὲ
2233 5699 2518 5772 ὑπέμειναν
2577 5696 2896 5774 ἁμαρτωλοὶ
2952 5702 3048 5753 τοῦ
3099 5693 3360 5752 ἀπολέσαι
3423 5715 3509 5767 με.
3540 5715 3569 5748 ι

1933 5818 2001 5832 -
2031 5787 2380 5864 Περιέμειναν
2412 5785 2790 5866 ἐνεδρεύοντες.
