3998 6422
338 417 492 486 1587

1583 423 2007 488 NICEPHORI
2049 424 2485 489 BLEMMIDE

3582 419 3740 486 1588

416 550 540 607 ατὰ
571 551 839 628 μαρτυριά
886 571 982 610 σου
1029 560 1251 625 συνῆκα.
1285 579 1314 607 n
1349 588 1414 598 —
1454 561 1790 621 Συνετισθεις
1833 558 1978 633 παρὰ
2008 560 2060 626 Α
2091 555 2320 630 ἐμαυτὸν
2365 564 2589 628 ποιῆσαι
2635 554 2732 618 τὰς
2777 550 2997 617 ἐντολάς
3046 574 3140 609 σου
3186 551 3268 610 ἀεὶ
3313 549 3403 610 διδ.
3445 553 3545 623 τὴν
3615 550 3729 608 ἐπι-

342 646 460 714 σοῦ,
493 639 631 698 διότι
660 641 876 705 τούτοις
899 647 1363 721 ψυχαγωγοῦμαι.

411 773 441 801 ‹‹
472 750 656 820 Πάσης
712 750 1015 812 συντελείας
1076 749 1217 806 εἶδον
1277 753 1464 827 πέρας·
1530 751 1763 808 πλατεῖα
1809 755 1844 822 ἡ
1897 752 1986 808 ἐν-

338 836 476 908 τολή
510 858 606 892 σου
635 835 862 916 σφόδρα.
896 863 926 890 ››
955 873 1026 882 -
1057 842 1247 911 ΙΙάσης
1278 842 1556 918 συνεργίας
1586 841 1677 896 καὶ
1730 842 1984 918 βοηθείας

343 925 680 1003 ἀνθρωπίνης
726 924 896 1002 ἔγνων
951 927 1228 999 τελευτήν·
1262 932 1297 1000 ἡ
1358 928 1416 986 δὲ
1474 932 1540 1000 σὴ
1603 928 1800 1000 ἐντολὴ
1850 931 1989 985 πάνυ

346 1013 659 1092 εὐρύχωρος
710 1013 798 1070 καί
877 1016 1106 1091 βοήθεια
1181 1017 1272 1072 καὶ
1356 1016 1743 1089 ἀτελεύτητος,
1797 1017 1988 1094 προξε-

345 1109 512 1160 νοῦσα
554 1109 670 1167 τοῖς
712 1103 913 1176 ταύτην
958 1104 1287 1183 φυλάσσουσι
1335 1108 1435 1177 τήν
1496 1109 1788 1184 ἀπέραντον
1859 1104 1994 1162 ἐκεί-

348 1213 444 1264 νην
481 1196 646 1266 ζωήν.

427 1284 574 1346 «Ὡς
630 1281 890 1359 ἠγάπησα
942 1284 1035 1339 τὸν
1090 1283 1255 1358 νόμον
1311 1306 1428 1358 σου,
1488 1284 1669 1362 Κύριε,
1705 1285 1841 1354 ὅλην
1894 1285 1995 1354 τήν

357 1371 563 1448 ἡμέραν
616 1372 814 1445 μελέτη
879 1371 984 1445 μού
1040 1372 1204 1430 ἐστιν.
1240 1398 1269 1425 ››
1299 1407 1367 1417 -—
1391 1375 1455 1428 Οἱ
1516 1375 1609 1447 μέν
1643 1370 1800 1454 φόϐῳ
1826 1395 2001 1448 τιμω-

361 1460 480 1535 ρίας
533 1459 806 1536 πληροῦσι
851 1463 943 1516 τὸν
982 1461 1170 1534 νόμον,
1203 1463 1255 1516 οἱ
1286 1459 1343 1517 δὲ
1375 1459 1464 1517 διά
1519 1460 1672 1534 δόξαν
1731 1461 2001 1536 ἀνθρωπί-

360 1571 482 1621 νην,
515 1551 566 1604 οἱ
625 1547 683 1604 δὲ
737 1552 952 1626 γνήσιοι
1008 1557 1110 1620 τῆς
1164 1551 1358 1627 ἀρετῆς
1538 1550 1661 1627 περί
1707 1551 1995 1627 τὸάγαθὸν

364 1637 616 1696 διαθέσει.

435 1729 653 1804 «Ὑπὲρ
708 1727 835 1790 τοὺς
894 1727 1122 1804 ἐχθρούς
1179 1751 1283 1802 μου
1341 1728 1589 1807 ἐσόφισάς
1650 1751 1717 1804 με
1770 1731 1870 1799 τήν
1921 1729 2004 1784 ἐν-

362 1814 534 1887 τολήν
584 1837 702 1884 σου,
728 1813 812 1870 ὅτι
858 1815 932 1878 εἰς
974 1818 1066 1871 τὸν
1114 1816 1286 1872 αἰῶνα
1331 1817 1435 1890 ἐμή
1482 1817 1638 1873 ἐστιν,
1679 1842 1706 1868 ››
1739 1851 1806 1859 -
1836 1819 2006 1873 Ἐκεῖ-

2105 1363 2212 1412 τῶν
2281 1380 2344 1413 συ
2353 1353 2609 1432 μϐουλῶν

2108 1446 2261 1503 αύτό.

2116 1803 2498 1881 φυλασσόντων
2578 1803 2760 1874 αὐτὸν,
2837 1803 2927 1856 καὶ

2092 648 2346 720 κειμένην
2379 641 2619 720 ἀμοιϐὴν
2648 652 2763 707 τοῖς
2795 643 3137 715 εύαρεστοῦσί
3169 665 3281 700 σοι.

2167 760 2196 786 ‹‹
2225 736 2427 806 Βοηθός
2462 758 2566 809 μου
2603 735 2693 790 καὶ
2725 732 3077 808 ἀντιλήπτωρ
3114 755 3226 805 μου
3256 733 3302 788 εἶ
3349 731 3434 786 σύ⁶
3487 732 3569 794 εἷς
3616 732 3744 794 τοὺς

2096 823 2296 901 λόγους
2345 846 2440 881 σου
2489 823 2785 894 ἐπήλπισα.
2822 847 2851 873 η
2893 855 2964 865 —-
3009 823 3101 884 Εἰς
3148 823 3239 877 τὸν
3288 821 3460 895 νόμον
3509 843 3611 876 σου
3657 842 3749 875 τε-

2097 913 2342 989 θάρῥηκα
2394 915 2484 969 τὸν
2555 911 2962 989 ἐπηγγελμένον
3025 913 3196 988 ἀγαθά
3252 917 3370 972 τοῖς
3435 910 3746 984 πληροῦσιν

2099 1002 2196 1058 αὐτ
2203 1003 2259 1057 όν
2269 1044 2282 1056 .

2180 1091 2546 1147 «Ἐκκλίνατε
2603 1090 2694 1145 ἀπ’
2760 1090 2915 1162 ἐμοῦ,
2982 1089 3438 1165 πονηρευόμενοι,
3481 1088 3576 1142 καὶ
3645 1087 3751 1161 ἐξε-

2105 1183 2349 1255 ρευνήσω
2376 1180 2472 1242 τάς
2500 1179 2725 1242 ἐντολάς
2755 1184 2851 1234 τοῦ
2881 1182 3016 1233 Θεοῦ
3069 1199 3197 1252 μου.
3231 1202 3261 1230 ››
3286 1210 3357 1220 -
3402 1178 3468 1231 Οἱ
3514 1177 3756 1249 πονηροὶ

2104 1269 2209 1345 γὰρ
2257 1269 2532 1344 ἄνθρωποι
2583 1269 2672 1324 καὶ
2721 1269 2773 1323 οἱ
2822 1265 3072 1340 δαίμονες
3113 1265 3202 1322 διὰ
3246 1271 3353 1321 τῶν
3395 1265 3620 1322 ἀτόπων
3661 1266 3761 1320 αὖ·

2696 1355 3050 1432 ἐνοχλοῦντες
3112 1353 3619 1432 παρεμποδίζουσιν
3683 1355 3761 1416 εἷς

2181 1560 2211 1588 ‹‹
2243 1532 2570 1592 Ἀντιλαϐοὖ
2602 1557 2706 1608 μου
2748 1537 2886 1590 κατά
2929 1536 2992 1590 τὸ
3045 1533 3234 1609 λόγιόν
3279 1555 3398 1603 σου,
3448 1533 3541 1589 καὶ
3601 1533 3764 1603 ζῆσόν

2116 1647 2206 1699 με,
2254 1627 2345 1680 καὶ
2397 1627 2472 1699 μὴ
2534 1624 2900 1700 καταισχύνῃς
2971 1646 3036 1698 με
3095 1624 3201 1678 ἀπὸ
3264 1631 3366 1692 τῆς
3426 1621 3768 1700 προσδοκίας

2118 1735 2244 1788 μου.
2279 1739 2306 1765 ››
2338 1747 2406 1756 -
2447 1715 2650 1771 Μαθὼν
2699 1712 2831 1792 ἔφης
2879 1712 2930 1767 ἐν
2979 1713 3136 1785 νόμῳ
3203 1712 3591 1788 ὑπερασπίζειν
3659 1718 3768 1766 τῶν

3000 1803 3076 1874 μὴ
3148 1803 3619 1877 ηταισχυνθῆναί
3707 1823 3774 1874 με

365 1926 450 1960 νοι
511 1904 605 1977 μὲν
659 1905 760 1981 γάρ
818 1902 1022 1980 δωρεάν
1093 1903 1408 1960 σπεύδουσιν
1488 1905 1717 1961 ἀνελεῖν·
1780 1905 1890 1982 ἐγὼ
1950 1903 2008 1960 δὲ
2039 1931 2088 1996 Β
2117 1895 2368 1966 ποιήσῃς,
2402 1891 2749 1967 ἀποτυχόντα
2775 1898 2875 1960 τῆς
2910 1890 2996 1946 ἐπὶ
3032 1891 3117 1945 σοὶ
3145 1890 3368 1952 ἐλπίδος
3403 1913 3534 1963 μου.

367 1991 494 2049 οὐδὲ
571 1993 870 2066 ἀμύνασθαι
939 1993 1166 2056 τούτους
1250 1993 1554 2070 ἀνέχομαι·
1643 1995 1732 2050 διὰ
1815 1996 2010 2057 παντὸς

368 2084 472 2159 γὰρ
501 2084 536 2152 ἦ
571 2080 764 2153 ἐντολή
800 2103 895 2138 σου
925 2083 1245 2157 ᾤκειωμένη
1276 2086 1536 2160 τυγχάνει
1575 2085 1664 2140 καὶ
1694 2107 1762 2140 πε
1792 2083 1889 2163 φιλ
1924 2084 2016 2158 μέ-

371 2193 436 2242 νη
472 2173 544 2244 (Ῡ)
574 2191 688 2244 μοι.

444 2260 656 2336 «Ὑπὲρ
711 2260 912 2323 πάντας
963 2261 1092 2323 τοὺς
1149 2257 1497 2324 διδάσκοντάς
1548 2283 1615 2335 με
1657 2269 1884 2332 συνῆκα,
1930 2260 2013 2316 ὅτι

372 2349 442 2406 τὰ
473 2348 739 2426 μαρτύριά
768 2370 866 2404 σου
905 2351 1107 2422 μελέτη
1166 2351 1271 2423 μού
1327 2351 1491 2408 ἐστιν.
1527 2376 1550 2406 ι
1587 2384 1657 2394 —-
1685 2351 1784 2406 Καὶ
1840 2349 2014 2405 αὑτων

374 2443 482 2494 τῶν
507 2435 846 2493 διδασκάλων
881 2461 986 2512 μου
1015 2441 1371 2516 συνετώτερον
1408 2440 1498 2494 καὶ
1558 2441 1864 2518 σοφώτερον
1922 2459 2017 2493 πε-

378 2526 578 2597 ποίηκέ
610 2548 676 2600 με
702 2532 808 2582 τῶν
839 2532 946 2583 σῶν
975 2526 1209 2584 ἐντολῶν
1233 2532 1268 2599 ἡ
1303 2527 1526 2602 μελέτη.

453 2658 482 2686 ‹‹
515 2637 634 2690 Ὅτι
689 2635 752 2690 σὺ
810 2634 1205 2709 ἐνομοθέτησάς
1265 2656 1351 2709 με.
1385 2659 1414 2686 ››
1462 2669 1531 2678 ——-
1589 2637 1660 2690 Σὲ
1715 2634 2020 2708 νομοθέτην

382 2722 733 2798 ἐπιστάμενος
763 2725 853 2779 καὶ
883 2723 992 2800 οὐχ
1020 2722 1222 2801 ἓτερον.

458 2855 480 2883 ι
514 2831 647 2889 Ἀπὸ
699 2835 808 2886 τῶν
865 2829 1099 2886 ἐντολῶν
1159 2852 1254 2886 σου
1309 2838 1536 2901 συνῆκα·
1572 2829 1663 2886 διὰ
1706 2835 1868 2887 τοῦτο
1902 2831 2023 2904 ἑμί-

377 2941 518 2992 σησα
572 2925 744 2975 πᾶσαν
804 2917 927 2975 ὁδὸν
986 2917 1222 2982 ἀδικίας,
1255 2942 1285 2971 ››
1316 2953 1384 2962 -
1415 2921 1510 2975 Ἐκ
1561 2920 1769 2975 τούτων
1829 2920 2026 2996 γέγονα

380 3009 619 3072 συνετός.

457 3120 480 3148 α
513 3097 726 3175 Λύχνος
753 3101 872 3161 τοῖς
901 3097 1028 3152 ποσί
1062 3118 1166 3170 μου
1197 3099 1226 3152 ὁ
1255 3096 1425 3171 νόμος
1457 3119 1551 3152 σου
1608 3097 1697 3153 καὶ
1745 3102 1861 3176 φῶς
1907 3102 2028 3160 ταῖς

376 3182 587 3264 τρίϐοις
649 3209 773 3261 μου.
810 3211 927 3238 ››-
959 3183 1138 3249 ΙΙόδας
1196 3187 1285 3241 καὶ
1336 3182 1557 3262 τρίϐους
1585 3189 1684 3256 τὴν
1743 3186 2025 3242 πολιτείαν

377 3277 556 3334 καλεῖ.

455 3388 482 3421 α
511 3369 725 3440 Ὥμοσα
779 3365 868 3420 καὶ
923 3363 1122 3436 ἔστησα
1171 3369 1269 3420 τοῦ
1318 3366 1645 3444 φυλάξασθαι
1695 3367 1760 3422 τὰ
1789 3367 2030 3441 κρίματα

379 3463 480 3526 τῆς
537 3453 884 3526 δικαιοσύνης
943 3475 1060 3509 σου.
1097 3477 1125 3506 ››
1160 3455 1360 3524 -Τὴν
1425 3450 1642 3530 βεϐαίαν
1687 3463 1786 3525 τῆς
1844 3459 2030 3530 ψυχῆς

385 3548 567 3623 ψῆφον
626 3542 786 3617 ὅρκον
844 3542 1112 3616 ώνόμασε·
1175 3544 1354 3599 στάσιν
1401 3541 1460 3599 δὲ
1508 3545 1608 3613 τήν
1675 3545 1875 3614 ταύτης
1952 3541 2029 3598 ἔτι

389 3632 694 3709 έδραίωσιν.

460 3722 910 3792 «Ἐταπεινώθην
987 3717 1092 3782 ἕως
1171 3718 1398 3799 σφόδρα,
1471 3721 1649 3797 Κύριε·
1733 3721 1894 3791 ζῆσόν
1966 3742 2035 3794 με

388 3811 524 3865 κατὰ
580 3811 670 3865 τὸν
733 3809 897 3884 λόγον
956 3831 1072 3867 σου.
1108 3833 1136 3862 »
1169 3810 1592 3865 -Ταπείνωσιν
1642 3809 1790 3885 λέγει
1840 3812 1940 3880 τήν
1975 3811 2036 3865 έκ

387 3903 496 3955 τῶν
550 3903 887 3972 πειρασμῶν,
919 3897 980 3954 ἔκ
1033 3919 1093 3954 τε
1141 3905 1241 3969 τῆς
1303 3899 1550 3955 ἑκουσίου
1588 3899 1885 3976 κακουχίας
1937 3921 2032 3954 κα-

385 3989 682 4061 τάκαμψιν.

458 4103 486 4130 ‹‹
517 4079 591 4132 Τά
638 4076 856 4132 ἐκούσια
910 4081 1006 4130 τοῦ
1062 4075 1332 4149 στόματός
1393 4098 1496 4150 μου
1567 4075 1859 4147 εὐδόκησον
1943 4073 2033 4145 δὴ.

390 4166 570 4242 Κύριε,
627 4165 717 4221 καὶ
772 4166 839 4219 τά
894 4164 1284 4241 κρίματάσου
1342 4163 1552 4238 δίδαξόν
1616 4188 1701 4238 με.
1750 4190 1778 4216 ››
1810 4199 1879 4208 -
1932 4166 2036 4227 Τάς

391 4255 668 4316 ἑκουσίους
700 4252 1023 4329 ὑποσχέσεις
1059 4275 1183 4327 μου,
1218 4256 1330 4309 οἷον
1361 4253 1454 4310 τὸν
1489 4254 1648 4330 ὅρκον
1706 4255 1762 4309 ’ὸν
1822 4253 2037 4327 ὤμοσα,

390 4345 734 4416 κατεύθυνον,
789 4344 1050 4414 Δέσποτα,
1101 4344 1191 4398 καὶ
1246 4341 1458 4414 δίδαξόν
1519 4363 1586 4417 με
1639 4344 1706 4398 τὰ
1758 4345 2040 4420 προστάγ-

396 4433 536 4507 ματά
565 4455 682 4506 σου,
715 4431 1001 4510 φυλάσσειν
1035 4429 1311 4502 δηλονότι,
1342 4433 1520 4495 καθὼς
1556 4431 1894 4508 ὑπέσχημαι.

466 4565 493 4592 ‹‹
527 4543 589 4597 Ἡ
621 4541 771 4617 ψυχή
828 4561 933 4612 μου
982 4537 1032 4594 ἐν
1079 4545 1200 4602 ταῖς
1249 4539 1406 4616 χερσί
1455 4561 1550 4594 σου
1595 4537 1904 4610 διαπαντὸς,
1949 4540 2039 4594 καὶ

390 4634 486 4685 τοῦ
515 4629 690 4703 νόμου
721 4649 816 4683 σου
847 4627 947 4682 ούκ
976 4626 1343 4701 ἐπελαθόμην.
1373 4653 1394 4679 ι
1428 4661 1500 4672 -
1527 4629 1634 4697 Τὴν
1685 4630 1868 4704 ψυχήν
1935 4627 2039 4701 μού
2068 4665 2117 4731 D

391 4741 477 4776 σοι
527 4717 851 4795 ἐγχειρίζων
905 4718 1136 4772 πάντοτέ
1192 4739 1250 4772 σε
1294 4722 1559 4790 ποιοῦμαι
1612 4717 1814 4786 ταύτης
1865 4738 2038 4795 φρου-

395 4809 510 4883 ρόν.
544 4807 642 4863 Καὶ
687 4805 777 4862 διὰ
819 4810 981 4862 τοῦτο
1031 4805 1130 4860 οὐκ
1178 4803 1523 4880 ἐπελαθόμην
1574 4810 1669 4861 τοῦ
1715 4805 1889 4879 νόμου
1918 4827 2036 4875 σου,

386 4897 480 4953 ἵνα
513 4899 589 4972 μὴ
620 4896 830 4952 ἐκπέσω
861 4895 967 4950 ἀπὸ
991 4901 1094 4966 τῆς
1123 4895 1372 4974 φυλακῆς
1401 4915 1519 4952 σου.

465 5029 492 5058 ‹‹
524 5006 744 5061 Ἕθεντο
775 4999 1097 5080 ἁμάρτωλοὶ
1139 4999 1344 5078 παγίδα
1395 5023 1508 5074 μοι,
1548 5002 1637 5057 καὶ
1687 5002 1747 5057 ἐκ
1791 5005 1900 5056 τῶν
1950 5003 2034 5056 έν-

386 5093 566 5151 τολῶν
594 5115 689 5149 σου
719 5092 819 5148 ούκ
848 5090 1181 5162 ἐπλανήθην.
1217 5115 1246 5143 ››
1277 5124 1344 5134 -
1375 5091 1474 5146 Διά
1499 5096 1662 5146 τοῦτο
1715 5091 1813 5145 οὐκ
1867 5090 2035 5145 ἐπλα-

385 5181 694 5256 νήθην,⁹ίνα
754 5183 831 5256 μὴ
891 5182 1110 5254 ἐμπέσω
1163 5187 1281 5242 ταῖς
1337 5185 1444 5235 τῶν
1501 5181 1708 5257 ὁρατῶν
1757 5179 1846 5234 καὶ
1876 5179 2036 5254 ἀορά-

383 5294 491 5329 των
525 5270 868 5346 ἁμαρτωλῶν
899 5271 1147 5346 παγίσιν,
1178 5267 1352 5325 εἷίεουν
1385 5265 1728 5330 ἐπιϐουλαῖς.

459 5405 486 5434 ι(
518 5377 976 5455 Ἐκληρονόμησα
1002 5379 1068 5433 τά
1121 5376 1388 5453 μαρτύριά
1432 5399 1527 5432 σου
1581 5377 1656 5439 εἷς
1699 5377 1790 5430 τὸν
1841 5375 2031 5446 αἷῶνα,

383 5471 466 5528 ὅτι
523 5466 845 5546 ἀγαλλίαμα
899 5469 998 5535 τῆς
1058 5464 1281 5544 καρδίας
1327 5467 1431 5541 μού
1465 5465 1617 5522 εἰσιν.
1655 5490 1683 5517 ››
1714 5499 1782 5508 --
1814 5463 2034 5541 Κληρο-

381 5561 575 5636 νομίαν
603 5563 770 5614 ταῦτα
800 5554 1019 5629 ἒμαυτῷ
1047 5555 1243 5628 ἐθέμην
1275 5553 1520 5626 διηνεκῆ.

456 5695 483 5721 ‹‹
513 5665 740 5724 ’Έκλινα
765 5664 865 5733 τήν
896 5659 1117 5737 καρδίαν
1151 5683 1254 5734 μου
1284 5668 1381 5716 τοῦ
1411 5669 1635 5732 ποιῆσαι
1685 5663 1752 5715 τά
1811 5659 2030 5715 δικαιώ-

390 5759 530 5835 ματά
559 5779 654 5812 σου
696 5755 770 5817 είς
794 5753 885 5808 τὸν
912 5750 1083 5806 αἰῶνα
1108 5748 1200 5823 έδβ
1258 5751 1596 5826 ἀντάμειψιν,
1634 5774 1660 5802 ››
1694 5783 1761 5793 --
1791 5753 2028 5825 Ἕτρεψα

2194 2023 2223 2049 ι(
2268 1998 2548 2068 Βοήθησόν
2585 2019 2700 2070 μοι,
2732 1998 2822 2052 καὶ
2869 1998 3186 2070 σωθήσομαι
3236 1997 3326 2051 καὶ
3372 1997 3672 2070 μελετήσει)
3725 1997 3778 2052 ἐν

2120 2091 2238 2147 τοῖς
2267 2083 2597 2160 δικαιώμασί
2627 2108 2721 2140 σου
2762 2083 3073 2148 διαπαντός.
3109 2109 3139 2136 ››
3169 2118 3238 2127 -
3285 2086 3634 2159 Σωθήσομαὶ
3675 2085 3781 2141 ἀπό

2123 2182 2224 2244 τῆς
2257 2170 2560 2244 ἐπιϐουλῆς
2590 2179 2698 2230 τῶν
2731 2173 2964 2250 ἐχθρῶν.

2205 2287 2226 2314 ι
2263 2260 2654 2334 Ἐξουδένωσας
2714 2265 2917 2326 πάντας
2978 2261 3105 2325 τοὺς
3173 2263 3614 2326 ἀποπατοῦντας
3681 2263 3788 2318 ἀπὸ

2127 2356 2235 2406 τῶν
2285 2349 2666 2425 δικαιωμάτων
2717 2373 2834 2421 σου,
2883 2350 2968 2407 ὅτι
3010 2348 3192 2406 ἄδικον
3242 2353 3303 2407 τὸ
3343 2351 3645 2424 ἐνθύμημα
3700 2353 3790 2407 αύ-

2126 2445 2259 2498 τῶν.
2287 2464 2316 2493 ››
2349 2475 2418 2483 -
2469 2441 2794 2520 Ἐφαύλισας
2859 2442 2949 2496 καὶ
3011 2442 3215 2495 ἀπώσω
3283 2440 3510 2512 πάντας,
3561 2441 3620 2495 οἳ
3667 2441 3788 2519 ἀφί-

2129 2551 2346 2585 στανται
2421 2535 2519 2586 τοῦ

2131 2640 2235 2676 νοι.

2620 2531 2794 2603 νόμου
2874 2551 2970 2584 σου
3048 2535 3382 2606 παρανομεῖν
3448 2528 3790 2603 ἐνθυμούμε-

2205 2731 2235 2760 ‹‹
2269 2701 2701 2790 Παραϐαίνοντας
2749 2706 3086 2783 ἐλογισάμην
3139 2707 3342 2768 πάντας
3411 2705 3549 2769 τοὺς
3621 2708 3794 2783 ἆμαρ-

2132 2795 2348 2860 τωλοὺς
2386 2804 2485 2866 τῆς
2544 2800 2663 2874 γῆς·
2718 2795 2808 2851 διά
2849 2801 3011 2852 τοῦτο
3057 2797 3314 2872 ἠγάπησα
3378 2796 3451 2850 τά
3521 2795 3793 2872 μαρτύριά

2137 2908 2253 2941 σου.
2290 2910 2318 2938 ››
2364 2918 2434 2928 -
2483 2881 2800 2964 Παραϐάτας
2841 2886 3136 2961 ἡγησάμην
3173 2884 3375 2946 πάντας
3423 2884 3560 2948 τοὺς
3619 2887 3796 2962 ἁμαρ-

2137 2973 2387 3037 τάνοντας
2435 2973 2486 3030 ἐν
2534 2980 2614 3046 τῷ
2659 2975 2872 3048 κόσμῳ·
2907 2972 2990 3029 διὸ
3025 2973 3117 3028 ’ίνα
3167 2976 3242 3046 μή
3290 2973 3383 3028 καὶ
3428 2972 3601 3036 αὐτὸς
3631 2995 3794 3051 παρα-

2139 3059 2310 3134 ϐάτης
2342 3063 2610 3138 λογισθῶ,
2639 3064 2731 3118 τὸν
2760 3064 2927 3136 νόμον
2957 3084 3052 3118 σου
3081 3063 3365 3137 ἠγάπησα.

2216 3179 2236 3204 ι
2273 3151 2607 3223 Καθήλωσον
2657 3152 2717 3208 ἐκ
2759 3157 2857 3207 τοῦ
2907 3147 3078 3230 φόϐου
3125 3172 3219 3205 σου
3267 3150 3364 3212 τὰς
3415 3149 3630 3227 σάρκας
3677 3173 3793 3224 μου·

2141 3242 2246 3296 ἀπὸ
2292 3241 2395 3316 γάρ
2445 3245 2551 3295 τῶν
2595 3243 2874 3318 κριμάτων
2925 3261 3022 3294 σου
3073 3233 3370 3317 ἐφοϐήθην.
3404 3263 3435 3292 ››
3470 3273 3543 3282 —-
3576 3241 3676 3295 Ἐκ
3708 3245 3797 3295 τοῦ

2139 3331 2524 3406 ἀναγινώσκειν
2573 3330 2642 3384 τά
2694 3327 2934 3405 κρίματά
3000 3349 3095 3382 σου
3144 3322 3421 3405 ἐφοϐήθην
3503 3329 3605 3402 μὲν
3674 3330 3802 3383 κατά

2138 3421 2347 3495 ψυχὴν,
2379 3418 2479 3473 οὐκ
2526 3417 2642 3494 ἔχω
2694 3416 2752 3473 δὲ
2785 3419 2848 3472 τὸ
2881 3415 3162 3490 σῶμα,τῷ
3207 3415 3450 3489 τοιούτῳ
3503 3412 3669 3494 φόϐῳ
3722 3440 3801 3472 συ-

2139 3506 2526 3581 στελλόμενον.
2561 3505 2894 3578 Καθήλωσον
2927 3504 3018 3560 οὖν
3059 3505 3150 3560 καὶ
3192 3503 3322 3559 αύτὸ
3363 3509 3446 3577 τῷ
3498 3501 3667 3583 φόϐῳ
3712 3528 3797 3562 σου

2137 3597 2338 3669 τούτῳ,
2370 3596 2506 3670 πρὸς
2537 3596 2600 3650 τὸ
2632 3597 2708 3669 μή
2739 3597 2996 3650 κινεῖσθαι
3035 3593 3110 3656 εἷς
3159 3593 3422 3656 ἀτάκτους
3479 3594 3669 3668 ὁρμάς
3717 3596 3796 3650 καὶ

2141 3685 2358 3762 πράξεις
2387 3683 2642 3746 ἀτόπους.

2214 3799 2242 3826 ‹‹
2277 3773 2542 3844 Ἐποίησα
2586 3772 2758 3846 κρίμα
2803 3773 2893 3827 καὶ
2969 3769 3331 3841 δικαιοσύνην·
3397 3772 3480 3843 μή
3542 3769 3796 3846 παραδᾷκ

2148 3884 2216 3937 με
2259 3869 2374 3924 τοῖς
2425 3860 2669 3917 ἀδίκοῦσί
2719 3883 2805 3936 με.
2843 3885 2864 3912 ι
2909 3894 2978 3903 -—
3026 3860 3289 3930 Ἐποίησα
3329 3859 3516 3935 κρίσιν
3568 3858 3799 3916 δικαίαν.

2221 3993 2249 4022 ‹‹
2279 3969 2521 4041 Ἔνδεξαι
2562 3969 2656 4024 τὸν
2704 3967 2898 4024 δοῦλόν
2950 3989 3046 4022 σου
3094 3967 3172 4030 εἰς
3220 3966 3442 4042 ἀγαθόν’
3507 3968 3588 4039 μὴ
3653 3988 3799 4022 συκο-

2147 4059 2564 4137 φᾳντησάτωσάν
2633 4079 2700 4131 με
2762 4057 3116 4135 ὑπερήφανοι.
3170 4079 3199 4107 ››
3251 4089 3318 4098 ——
3378 4057 3794 4132 Προσκαρτέρη-

2147 4170 2261 4220 σον,
2313 4147 2572 4224 ἀνάσχου,
2629 4148 3052 4221 μακροθύμησον
3113 4150 3193 4217 τῷ
3262 4141 3451 4216 δούλῳ
3516 4166 3618 4199 σου
3676 4144 3798 4220 ὑπὲρ

2148 4239 2368 4314 ἀγαθοῦ,
2395 4236 2531 4292 ὥστε
2558 4234 2649 4291 διὰ
2698 4234 2980 4308 μετανοίας
3023 4233 3418 4309 ἀποτρίψασθαι
3469 4235 3572 4302 τὴν
3630 4235 3794 4308 άμαρ-

2146 4325 2284 4383 τίαν.
2339 4327 2428 4394 Μὴ
2513 4325 3062 4403 συκοφαντησάτωσάν
3143 4344 3211 4396 με
3281 4323 3335 4376 οἱ
3403 4321 3662 4393 αἰσθητοὶ
3715 4322 3794 4378 καὶ

2146 4415 2336 4486 νοητοὶ
2394 4413 2720 4491 παράνομοι,
2770 4414 2844 4476 ὡς
2894 4411 2954 4467 ού
3007 4410 3096 4467 διὰ
3135 4413 3235 4482 τήν
3295 4410 3790 4484 πλημμεληθεῖσαν

2149 4502 2415 4580 ἁμαρτίαν
2481 4501 2998 4578 ταλαιπωρούμενον
3063 4506 3181 4562 τοῖς
3246 4499 3534 4562 ἀκουσίοις
3581 4521 3646 4556 τε
3693 4521 3793 4556 πει-

2151 4598 2403 4669 ρασμοῖς,
2431 4592 2520 4646 καὶ
2549 4595 2618 4664 τῇ
2649 4589 2878 4662 ἐκουσίῳ
2904 4588 3254 4661 κακοπαθείᾳ.

2218 4706 2247 4733 ‹‹
2281 4682 2474 4756 Καιρὸς
2515 4685 2614 4735 τοῦ
2660 4682 2884 4749 ποιῆσαι
2931 4683 3010 4750 τῷ
3051 4677 3256 4754 Κυρίῳο
3308 4675 3662 4732 διεσκέδασαν
3707 4679 3785 4733 τὸν

2145 4769 2314 4843 νόμον
2368 4792 2488 4826 σου.
2519 4791 2546 4824 ι
2582 4802 2650 4812 -
2698 4769 2894 4843 Καιρὸς
2941 4768 3026 4822 σοὶ
3071 4771 3151 4838 τῷ
3204 4764 3390 4842 Κυρίῳ
3437 4769 3671 4835 ποιῆσαι
3713 4766 3787 4822 ἐκ·

2147 4857 2359 4929 δίκησιν
2407 4856 2711 4929 δηλονότ...
2759 4855 3052 4912 κατέλυσαν
3096 4857 3221 4930 γάρ,
3269 4853 3442 4930 ἤγουν
3495 4854 3621 4910 λίαν
3674 4855 3787 4926 ἠθέ·

2142 4969 2310 5017 τησαν
2340 4948 2430 5002 τὸν
2459 4947 2629 5020 νόμον
2659 4966 2754 5001 σου
2787 4946 2838 5000 οἱ
2869 4944 3081 5020 ἐχθροὶ,
3107 4943 3198 4998 καὶ
3230 4941 3331 4998 οὐκ
3361 4941 3440 4998 ἔτι
3482 4944 3648 5020 χρεία
3700 4965 3786 5018 μα-

2143 5035 2465 5113 κροθυμίας.

2217 5151 2243 5176 ‹‹
2279 5127 2375 5180 Διά
2414 5129 2575 5180 τοῦτο
2615 5123 2870 5200 ἠγάπησα
2918 5122 3010 5184 τὰς
3047 5118 3270 5184 ἐντολάς
3328 5142 3428 5176 σου
3479 5122 3616 5195 ὑπὲρ
3665 5141 3784 5196 χρυο

2145 5213 2259 5269 σίον
2335 5215 2424 5268 καὶ
2491 5215 2772 5282 τοπάζιον.
2824 5236 2850 5262 ››
2895 5244 2964 5253 --
3020 5212 3163 5265 Διότι
3231 5207 3582 5266 διεσκέδασαν
3642 5210 3779 5266 αὐτὸν

2145 5303 2357 5372 ἐκεῖνοι,
2398 5302 2506 5378 ἐγὼ
2561 5300 2770 5374 μᾶλλον
2813 5301 3076 5375 ἠγάπησα
3111 5304 3307 5354 τοῦτον
3354 5299 3493 5376 ὑπὲρ
3543 5299 3773 5376 χρυσίον,

2145 5393 2277 5470 ὑπὲρ
2332 5391 2482 5448 λίθον
2544 5393 2749 5445 ἅπαντα
2797 5389 3002 5462 τίμιονο
3060 5389 3166 5443 ἀπὸ
3223 5388 3330 5464 γάρ
3383 5394 3486 5443 τοῦ
3534 5388 3771 5457 τοπαζίου

2140 5481 2567 5559 προτιμωμένου
2599 5479 2720 5534 τότε
2747 5484 2856 5534 τῶν
2886 5476 3070 5533 ἄλλων
3096 5477 3299 5550 τιμίων
3346 5475 3522 5543 λίθων
3578 5475 3768 5547 ἐδήλω-

2142 5593 2227 5626 σεν
2262 5573 2496 5632 ἅπαντας
2507 5615 2518 5626 .

2214 5686 2240 5712 ‹‹
2276 5662 2372 5715 Διά
2417 5665 2577 5714 τοῦτο
2622 5658 2758 5731 πρὸς
2800 5658 2969 5718 πάσας
3014 5657 3107 5718 τάς
3157 5653 3387 5720 ἐντολάς
3438 5677 3536 5711 σου
3585 5674 3764 5729 κατωρ-

2139 5749 2368 5824 θούμηνο
2426 5755 2596 5804 πᾶσαν
2654 5744 2778 5803 ὁδὸν
2856 5744 3036 5802 ἄδικον
3101 5744 3361 5820 ἐμίσησα.
3428 5771 3457 5799 ››
3506 5779 3576 5791 -
3637 5744 3761 5801 Διότι
