3998 6396
179 386 335 454 1589

176 521 320 578 οὕτω
375 519 572 587 ταύτας
627 521 903 602 ἠγάπησα,
963 522 1226 600 ἴθυνόμην
1283 525 1419 600 πρὸς
1477 527 1650 589 πάσας
1724 527 1813 582 καὶ
1844 532 1897 596 Α

175 609 520 685 εύωδούμην.

246 701 594 775 «Θαυμαστὰ
649 703 714 757 τὰ
773 703 1038 781 μαρτύριά
1093 723 1208 758 σου·
1252 701 1340 759 διὰ
1391 709 1552 760 τοῦτο
1608 703 1810 780 ἐξερεύ-

173 811 331 862 νησεν
381 790 515 846 αὐτὰ
560 794 597 862 ἡ
645 794 794 868 ψυχή
851 814 974 865 μου.
1024 817 1053 844 ››
1092 827 1161 837 -
1189 794 1510 866 Θαυμασίως
1561 795 1662 870 γὰρ
1709 799 1812 848 πᾶν

178 881 272 953 μὲν
304 877 451 942 εἶδος
481 881 677 956 ἀρετῆς
708 878 1043 954 παιδεύουσι,
1074 887 1247 937 πᾶσαν
1295 880 1354 938 δὲ
1409 882 1597 938 κακίαν
1656 882 1812 939 ἐλαύ-

172 988 376 1023 νουσιν.

249 1079 277 1113 ι
303 1060 368 1113 Ἣ
400 1055 645 1129 δήλωσις
671 1061 778 1114 τῶν
814 1056 994 1134 λόγων
1045 1081 1141 1114 σου
1198 1066 1390 1138 φωτιεῖ
1443 1060 1532 1115 καὶ
1584 1065 1812 1115 συνετιεῖ

172 1145 417 1219 νηπίους.
470 1169 500 1198 ››
543 1179 614 1190 -
660 1148 724 1203 Ἡ
753 1147 1075 1226 φανέρωσις,
1104 1151 1140 1219 ἡ
1191 1146 1510 1229 διασάφησις
1556 1155 1664 1205 τῶν
1724 1149 1807 1206 ἐν-

171 1235 349 1292 τολῶν
401 1256 497 1290 σου
551 1234 642 1290 καὶ
699 1235 882 1299 αὐτοῖς
934 1242 1050 1300 τοῖς
1104 1238 1321 1310 νηπίοις
1367 1239 1458 1294 τὸν
1518 1243 1642 1293 νοῦν
1693 1243 1808 1316 φῶς

169 1326 424 1402 γνώσεως
453 1326 685 1402 παρέχει
713 1326 803 1381 καὶ
835 1325 1062 1383 σύνεσιν.

241 1439 270 1468 ‹‹
301 1416 372 1470 Τὸ
417 1414 593 1488 στόμα
634 1435 738 1489 μου
792 1412 1005 1486 ἤνοιξα,
1035 1416 1124 1471 καὶ
1182 1413 1405 1473 εἷ’λκυσα
1459 1421 1692 1490 πνεῦμα,
1724 1415 1805 1472 ὅτι

167 1503 261 1567 τὰς
305 1502 530 1567 ἐντολάς
577 1525 672 1559 σου
719 1503 1034 1564 ἐπεπόθουν.
1072 1529 1094 1556 ι
1129 1538 1198 1548 —
1226 1510 1303 1579 Τῇ
1355 1505 1458 1582 γὰρ
1503 1510 1611 1561 τῶν
1652 1505 1808 1570 θείων

169 1591 403 1648 ἐντολῶν
436 1592 667 1670 ἐπιθέσει
697 1594 759 1648 τὸ
789 1593 964 1667 στόμα
998 1600 1098 1664 τῆς
1144 1597 1329 1670 ψυχῆς
1379 1591 1549 1650 εἴτουν
1601 1598 1636 1664 ἡ
1687 1592 1805 1650 διά-

168 1703 289 1737 νοια
315 1683 452 1757 πρὸς
484 1668 655 1751 ὁλκὴν
683 1681 975 1760 ἀνοίγεται,
1005 1682 1310 1757 πνεύματος
1363 1683 1554 1762 σοφίας
1611 1705 1671 1740 τε
1716 1686 1806 1740 καὶ

169 1772 453 1832 συνέσεως.

241 1885 270 1912 ‹‹
304 1854 632 1934 Ἐπίϐλεψον
707 1858 790 1914 ἐπ’
842 1857 939 1934 ἐμὲ
1012 1859 1101 1914 καὶ
1158 1857 1381 1930 ἐλέησόν
1435 1882 1503 1935 με
1558 1862 1692 1918 κατὰ
1744 1867 1808 1919 το

170 1953 342 2026 κρῖμα
383 1952 489 2003 τῶν
540 1948 876 2022 ἀγαπώντων
911 1949 975 2004 τὸ
1022 1944 1196 2022 ὄνομά
1241 1970 1355 2004 σου.
1394 1975 1415 2002 ι
1446 1984 1514 1994 -
1560 1947 1813 2008 Ἐπίόλε-

171 2042 270 2112 ψον
300 2037 381 2094 ἐπ’
413 2037 510 2112 ἐμὲ
537 2036 930 2114 πειραζόμενον
957 2038 1048 2092 καὶ
1098 2037 1320 2110 ἐλέησόν
1384 2060 1470 2113 με,
1528 2042 1663 2096 κατὰ
1714 2039 1807 2096 τδν

171 2125 296 2202 ὅρον
355 2125 414 2180 ὃν
469 2122 646 2188 διέθου
700 2129 818 2186 τοῖς
855 2123 1105 2198 ἀγαπῶσί
1137 2146 1214 2197 σε,
1253 2125 1432 2202 κρίνας
1493 2125 1660 2183 ἐλεεῖν
1715 2128 1809 2183 αό-

168 2213 314 2284 τοὺς,
344 2213 435 2268 καὶ
470 2212 680 2287 μᾶλλον
712 2211 836 2268 ὅταν
868 2211 998 2268 ὦσιν
1058 2211 1110 2268 ἐν
1160 2219 1502 2291 πειρασμοῖς,
1533 2217 1623 2271 καί
1675 2217 1810 2292 βοη-

173 2307 279 2366 θεῖν
312 2301 518 2364 αὐτοῖς.

240 2415 269 2443 ‹‹
298 2391 374 2445 Τὰ
419 2385 731 2464 διαϐήματά
786 2411 889 2464 μου
944 2388 1264 2455 κατεύθυνον
1328 2393 1463 2447 κατὰ
1512 2394 1574 2448 τὸ
1622 2392 1807 2470 λόγιόν

170 2501 288 2550 σου,
318 2480 410 2535 καὶ
462 2481 538 2553 μὴ
588 2478 1056 2554 κατακυριευσάτω
1127 2501 1231 2554 μου
1302 2487 1445 2536 πᾶσα
1513 2481 1726 2556 ἀνομία.
1778 2508 1808 2536 υ

169 2600 239 2612 --
267 2570 383 2638 Τὴν
433 2566 712 2623 πολιτείαν
764 2589 868 2641 μου
917 2565 1092 2633 ἴθυνον
1141 2569 1279 2624 κατὰ
1333 2590 1422 2624 τον
1469 2570 1638 2644 νόμον
1689 2593 1806 2645 σου,

164 2657 363 2730 καὶμὴ
413 2663 576 2730 πᾶσα,
605 2657 852 2713 τουτέστι
900 2654 1042 2730 μηδὲ
1093 2657 1191 2731 μία
1223 2655 1691 2715 καταδουλωσάτω
1744 2680 1810 2734 με

166 2744 349 2802 ἀδικία
379 2743 518 2801 ὥστε
546 2752 772 2816 ποιῆσαι
803 2744 990 2817 αὐτήν.

239 2859 268 2888 ‹‹
297 2836 367 2890 Τὸ
396 2834 690 2911 πρόσωπόν
723 2855 818 2890 σου
849 2833 1104 2913 ἐπίφανον
1155 2834 1243 2890 ἐπὶ
1291 2835 1382 2890 τὸν
1443 2833 1638 2892 δοῦλόν
1690 2857 1808 2909 σου,

166 2920 257 2977 καὶ
289 2919 497 2992 δίδαξόν
533 2942 600 2994 με
654 2922 722 2976 τὰ
777 2918 1120 2996 δικαιώματά
1175 2943 1292 2979 σου.
1328 2945 1357 2974 ››
1387 2955 1456 2965 -
1510 2923 1807 3000 Πρόσωπον

169 3015 302 3067 Θεοῦ
333 3032 492 3087 φησιν
528 3011 556 3066 6
585 3012 877 3088 προφήτης
905 3011 1003 3079 τὴν
1036 3010 1176 3065 θείαν
1210 3011 1533 3083 ἐπισκοπήν.

240 3141 270 3170 ‹‹
302 3113 582 3190 Διεξόδους
629 3113 838 3172 ὑδάτων
891 3111 1190 3187 κατέϐησαν
1242 3117 1292 3171 οἱ
1349 3117 1624 3195 ὀφθαλμοί
1681 3140 1807 3193 μου,

171 3207 287 3262 ἐπεὶ
337 3205 437 3261 οὐκ
463 3204 700 3283 ἐφύλαξα
734 3205 825 3260 τὸν
874 3205 1044 3278 νόμον
1073 3226 1190 3263 σου.
1222 3228 1251 3258 »
1273 3238 1344 3249 -—-
1390 3205 1629 3278 Διέξοδοι
1681 3205 1808 3264 ὑδά-

330 3295 384 3350 αἱ
433 3261 703 3371 χάράδρέιι
747 3294 838 3348 καὶ
885 3261 954 3348 τά
995 3261 1337 3367 κοιλώματα.
1371 3261 1544 3366 Φησξν
1590 3261 1808 3351 οὖν*
1839 3261 1883 3330 C

170 3383 502 3457 ΚοιΛώματα
553 3380 974 3456 ὑπεισήλθοσαν,
1032 3379 1198 3458 ἤγουν
1259 3382 1647 3455 ἐκοιλάνθησαν
1716 3383 1806 3440 καί

167 3472 429 3544 ἐτάκησαν
458 3473 509 3526 οἱ
562 3469 838 3549 ὀφθαλμοί
902 3491 1007 3544 μου
1064 3468 1278 3540 πλῆθος
1331 3469 1573 3549 δακρύων
1634 3472 1804 3552 ἀποῤ-

167 3561 398 3639 ῥέοντες,
431 3558 570 3616 διότι
603 3560 704 3616 οὐκ
731 3558 994 3638 ἐφύλαξαν
1024 3560 1116 3615 τὸν
1153 3559 1322 3633 νόμον
1377 3583 1473 3616 σου
1527 3563 1580 3616 οἱ
1633 3582 1806 3636 παρα-

161 3655 472 3724 νομοῦντες’
531 3651 725 3726 γνώμῃ
780 3649 884 3726 γὰρ
965 3650 1352 3724 συμπαθητικῇ
1406 3648 1535 3713 τοὺς
1583 3651 1803 3716 ἀθλίους

164 3737 427 3794 ἀπεκλαιό
437 3759 568 3812 μην.

237 3826 576 3883 «Ἐνετείλω
652 3825 998 3898 δικαιοσύνην
1066 3829 1133 3884 τὰ
1211 3827 1478 3905 μαρτύριά
1550 3851 1669 3899 σου,
1715 3830 1804 3885 καὶ

163 3917 422 3988 ἀλήθειαν
472 3913 698 3994 σφόδρα.
749 3940 778 3967 ››
830 3915 1164 3992 Προσέταξας
1231 3919 1326 3980 τὰς
1397 3915 1620 3980 ἐντολάς
1682 3931 1804 3992 σου,

163 4003 330 4083 ἤγουν
359 4004 539 4077 ἐξέθου
566 4006 657 4060 τὸν
695 4005 864 4079 νόμον
922 4027 1040 4078 σου,
1075 4003 1419 4077 δικαιοσύνην
1478 4006 1807 4082 αὐτόχρημα

164 4094 254 4149 καὶ
283 4093 562 4165 ἀλήθειαν.

238 4207 267 4235 ‹‹
299 4181 542 4254 Ἐξέτηξέ
600 4204 668 4256 με
715 4183 744 4237 6
779 4181 948 4254 ζῆλός
1000 4205 1116 4257 σου,
1176 4183 1258 4239 ὅτι
1317 4181 1641 4241 ἐπελάθοντο
1698 4188 1804 4240 τῶν

166 4271 348 4346 λόγων
380 4292 475 4326 σου
505 4273 558 4326 οἱ
591 4271 779 4348 ἐχθροί
814 4294 938 4345 μου.
975 4297 996 4325 ι
1033 4307 1100 4317 -
1133 4273 1452 4343 Ἐκτακῆναί
1505 4295 1574 4346 με
1620 4274 1807 4345 ἐποίη-

163 4381 250 4416 σεν
307 4360 439 4434 ὑπὲρ
516 4364 611 4415 σοῦ
691 4358 873 4416 δικαία
932 4361 1095 4439 ὀργὴ,
1151 4364 1660 4440 καταφρονουμένου
1723 4362 1806 4418 ὅτι

164 4447 491 4505 ἐπελάθοντο
520 4453 628 4504 τῶν
653 4449 889 4506 ἐντολῶν
923 4473 1018 4506 σου
1049 4451 1101 4505 οἱ
1131 4449 1201 4506 δι’
1246 4451 1376 4508 αὐτὸ
1428 4456 1589 4508 τοῦτο
1620 4447 1808 4528 ἐχθροί

169 4559 298 4612 μου.

1386 393 1801 458 EXPOSITIO
1844 394 1923 458 IN
1969 392 2352 459 PSALMOS.

1841 1901 1889 1966 B

3409 386 3568 454 1890

2001 552 2030 579 ‹‹
2063 524 2285 601 Θλίψεις
2332 525 2423 582 καὶ
2471 521 2695 600 ἀνάγκαι
2744 513 2964 600 είίροσάν
3036 535 3128 596 με’
3184 516 3403 577 ἐντολαί
3467 541 3564 578 σου

1927 614 2129 690 μελέτη
2189 637 2315 690 μου.
2349 639 2378 669 ››
2409 647 2479 658 -
2509 613 2611 670 Κᾶν
2667 611 2878 687 θλίψεις
2939 607 3092 688 εὗρόν
3154 609 3221 684 μέ
3267 631 3419 681 ποτε,
3466 608 3563 667 κᾶν

1920 710 2236 782 πειρασμῶν
2295 703 2540 780 ἀνάγκαι,
2601 700 2803 776 μελέτη
2887 722 2990 774 μου
3047 700 3182 771 ἦσαν
3238 701 3294 755 αἱ
3351 697 3566 756 ἐντολαί

1922 816 2039 865 σου,
2127 798 2533 872 παρηγοροῦσαι
2614 791 2706 846 καὶ
2794 791 2858 846 τὸ
2933 787 3101 867 ἄλγος
3184 788 3564 868 ἐπικουφίζου-

1919 905 2028 940 σαι.

1993 995 2023 1026 ιι
2053 971 2375 1041 Δικαιοσύνη
2448 972 2518 1026 τὰ
2601 967 2868 1046 μαρτύριά
2932 987 3028 1022 σου
3084 965 3161 1030 είς
3217 966 3310 1023 τὸν
3367 966 3559 1024 αἰῶνα·

1919 1060 2190 1117 συνέτισόν
2238 1082 2324 1134 με,
2354 1061 2445 1116 καὶ
2495 1060 2752 1132 ζήσομαι.
2789 1080 2818 1109 ››
2846 1088 2917 1102 -—-
2945 1055 3008 1111 Οἱ
3056 1057 3160 1132 γὰρ
3219 1057 3298 1131 μὴ
3354 1077 3560 1112 συνετι-

1917 1151 2125 1213 σθέντες
2183 1148 2309 1206 οὐδὲ
2349 1144 2522 1212 ὅντως
2573 1151 2724 1220 ζῶσι,
2773 1143 2986 1225 φαύλην
3039 1148 3233 1216 ζῶντες
3297 1143 3387 1200 καὶ
3449 1142 3558 1201 διε-

1919 1237 2225 1314 ψευσμένην
2260 1239 2425 1308 ζωήν.

1988 1351 2018 1379 ‹‹
2048 1325 2337 1399 Ἐκέκραξα
2388 1323 2439 1380 ἐν
2497 1321 2601 1398 ὅλῃ
2654 1319 2850 1399 καρδίᾳ
2911 1342 3035 1395 μου,
3081 1319 3373 1377 ἐπάκουσόν
3427 1342 3555 1396 μου,

1916 1415 2095 1492 Κύριε⁶
2154 1417 2221 1470 τὰ
2301 1411 2642 1487 δικαιώματά
2721 1432 2817 1466 σου
2902 1408 3207 1480 ἐκζητήσω·
3270 1433 3300 1462 ››
3365 1442 3436 1453 -
3505 1408 3554 1466 εἰ

1915 1503 2231 1567 ἐπακούσεις
2307 1524 2411 1576 μου
2487 1499 2815 1576 κεκραγότος
2887 1498 2939 1553 ἐν
3004 1495 3241 1574 θλίψεσι,
3297 1499 3549 1575 Κραυγήν

1887 1592 1974 1650 ’δὲ
2003 1591 2146 1670 λέγει
2197 1592 2479 1668 πρόθυμον
2534 1589 2625 1645 καὶ
2674 1588 2949 1665 ὁλοσχερῆ
3004 1586 3153 1643 τάσιν
3206 1592 3307 1657 τῆς
3365 1589 3552 1664 ψυχῆς

1914 1683 2050 1760 πρὸς
2083 1681 2235 1738 Θεόν.
2995 1736 2997 1738 .

1987 1796 2017 1824 «
2051 1771 2370 1849 Προέφθασα
2443 1767 2495 1824 ἐν
2565 1765 2742 1844 ἀωρίᾳ
2811 1766 2902 1820 καὶ
2959 1764 3234 1838 ἐκέκραξαο
3295 1763 3373 1849 εἰς
3427 1763 3556 1829 τοὺς

1919 1860 2114 1937 λόγους
2172 1848 2268 1914 σου
2321 1855 2678 1929 ἐπήλπισα.»
2714 1887 2783 1898 —-
2813 1849 3129 1931 ΙΙροέλαϐον
3186 1852 3282 1908 τὺν
3341 1848 3558 1930 ὄρθρον,

1922 1952 2090 2024 μήπω
2139 1955 2238 2019 τῆς
2297 1946 2441 2024 ὥρας
2501 1943 2812 2016 ἐπιστάσης,
2849 1944 2965 1999 καθ’
3017 1944 3079 2012 ἣν
3139 1941 3442 1998 ἀνίστανται
3508 1943 3560 1998 οἱ

1918 2037 2213 2115 ἅνθρωποι,
2243 2038 2334 2092 καὶ
2364 2036 2618 2111 ἐκέκραξα
2646 2033 2782 2109 πρός
2815 2053 2894 2089 σε.

1992 2168 2021 2197 ‹‹
2053 2145 2405 2223 ΙΙροέφθασαν
2436 2143 2488 2198 οἱ
2529 2139 2804 2217 ὀφθαλμοί
2863 2159 2967 2213 μου
3021 2137 3156 2214 πρὸς
3208 2135 3402 2214 ὄρθρον
3461 2140 3561 2192 τοῦ

1923 2231 2148 2308 μελετᾷν
2201 2233 2265 2288 τὸ
2309 2231 2474 2308 λόγιά
2517 2251 2630 2285 σου.
2662 2249 2690 2283 ι
2725 2261 2794 2272 -
2823 2225 3138 2304 ΙΙροέλαλον
3190 2227 3243 2281 οἱ
3280 2224 3559 2304 ὀφθαλμοί

1921 2344 2026 2397 μου
2053 2324 2152 2392 τήν
2184 2323 2393 2397 ἡμέραν
2421 2320 2557 2396 πρὸς
2607 2318 2793 2394 καιρὸν
2853 2311 3073 2394 ὄρθρου,
3105 2313 3243 2370 ὥστε
3296 2313 3560 2391 ἀναγινώ-

1916 2432 2057 2466 σκειν
2089 2412 2180 2466 τὸν
2209 2409 2376 2484 νόμον
2409 2430 2524 2464 σου.

1991 2524 2020 2553 ‹‹
2047 2503 2152 2569 Τῆς
2211 2505 2395 2578 φωνῆς
2446 2518 2550 2570 μου
2611 2493 2863 2565 ἄκουσον,
2893 2493 3074 2568 Κύριε,
3108 2493 3244 2548 κατά
3279 2492 3342 2548 τὸ
3397 2488 3555 2556 ἔλεός

1918 2609 2034 2662 σου,
2084 2588 2221 2645 κατὰ
2274 2589 2336 2642 τὸ
2391 2583 2564 2663 κρῖμά
2613 2606 2708 2639 σου
2768 2581 2930 2653 ζῆσόν
2991 2602 3076 2656 με.
3110 2603 3140 2634 ››
3169 2612 3241 2624 —-
3279 2579 3555 2656 Έννόμως

1921 2681 2016 2753 ζῇν
2053 2699 2119 2751 με
2145 2677 2399 2747 ποίησον.

1991 2789 2021 2820 ‹‹
2046 2768 2431 2842 ΙΙροο-ήγγισαν
2491 2763 2544 2819 οἱ
2598 2758 3025 2823 καταδιώκοντές
3084 2779 3150 2834 με
3197 2759 3416 2832 άνομίᾳο
3450 2757 3558 2816 ἀπὸ

1919 2853 1978 2911 δὲ
2030 2860 2128 2910 τοῦ
2182 2854 2356 2929 νόμου
2403 2874 2497 2908 σου
2548 2848 2976 2928 ἐμακρύνθησαν.
3040 2872 3070 2900 ››
3127 2880 3198 2890 -
3245 2849 3402 2904 Ὅσον
3452 2848 3558 2925 γὰρ

1919 2945 2192 3022 ἐγγίζουσι
2428 2939 2646 3015 ἀνομίᾳ,
2715 2942 2970 2994 τοσοῦτον
3059 2934 3386 3014 μακρύνουσι
3461 2938 3562 2992 τοῦ

1916 3035 2091 3109 νόμου
2120 3055 2235 3090 σου.

1991 3147 2021 3176 ››
2051 3121 2244 3200 Ἐγγῦς
2305 3121 2370 3194 εί,
2404 3119 2586 3196 Κύριε,
2616 3117 2707 3173 καὶ
2762 3121 2928 3172 πᾶσαι
2980 3115 3037 3170 αἱ
3091 3111 3209 3170 ὁδοί
3266 3134 3382 3186 σου,
3423 3111 3560 3200 ἀλήέ

1918 3214 2053 3268 θεια.
2107 3199 2135 3263 ἡ
2193 3243 2261 3254 --
2316 3208 2508 3284 Ἐγγὺς
2572 3207 2636 3262 εἶ·
2689 3207 2971 3281 πανταχοῦ
3053 3203 3158 3279 γὰρ
3229 3203 3410 3279 πάρει,
3465 3199 3558 3257 καὶ

1922 3298 2166 3356 λανθάνει
2237 3301 2346 3352 τῶν
2421 3294 2805 3373 πραττομένων
2884 3288 3059 3348 οὐδέν·
3110 3288 3196 3346 διὸ
3267 3295 3436 3346 πᾶσαι
3499 3289 3560 3346 αἱ

1914 3389 2115 3465 κρίσεις
2145 3409 2240 3443 σου
2271 3382 2542 3461 ἀψευδεῖς.

1992 3502 2013 3530 α
2051 3477 2174 3532 Κατ’
2216 3475 2390 3552 ἀρχὰς
2445 3471 2614 3548 ἔγνων
2675 3471 2735 3526 ἐκ
2785 3474 2893 3527 τῶν
2959 3467 3265 3546 μαρτυρίων
3321 3487 3438 3541 σου,
3469 3467 3554 3524 ὅτι

1915 3565 1991 3630 εἷς
2047 3565 2138 3620 τὸν
2197 3563 2370 3618 αἰῶνα
2425 3558 2792 3635 ἐθεμελίωσας
2848 3556 3001 3616 αὐτά.
3035 3581 3064 3610 ››
3114 3588 3184 3600 —
3240 3555 3327 3628 Ἐξ
3371 3555 3554 3632 ἀρχῆς

1912 3656 2002 3710 καὶ
2057 3653 2117 3709 ἐκ
2171 3651 2476 3727 προοιμίων
2537 3649 2707 3724 ἔγνων
2754 3647 2836 3703 ὅτι
2912 3643 3180 3702 ἀσάλευτα
3250 3643 3553 3714 πεποίηκας

1911 3744 1980 3800 τὰ
2033 3739 2337 3814 ἐντάλματά
2396 3759 2511 3793 σουι
2570 3738 2668 3793 κᾶν
2725 3739 2828 3813 γὰρ
2887 3737 3033 3811 παρὰ
3085 3738 3184 3790 τοῦ
3223 3730 3556 3810 Εὗαγγελίου

1913 3829 2274 3899 καταλυθῆναι
2332 3827 2400 3882 τὰ
2449 3826 2627 3882 πλείω
2701 3830 2799 3880 τοῦ
2871 3824 3038 3897 νόμου
3095 3819 3253 3896 δοκῇ,
3309 3820 3438 3878 ἀλλ’
3494 3819 3558 3876 οὗ

1914 3920 2049 3974 κατά
2100 3919 2192 3973 τὸν
2249 3915 2678 3993 ἐγκεκρυμμένον
2736 3917 2880 3984 νοῦν,
2941 3911 3079 3967 κατὰ
3133 3908 3192 3966 δὲ
3243 3910 3307 3965 τὸ
3377 3907 3560 3987 φαινό-

1919 4029 2073 4082 μενον
2131 4007 2221 4062 καὶ
2273 4002 2522 4066 σκιῶδες.
2570 4006 2778 4078 Ἔγνων
2831 3999 2908 4073 δὲ,
2940 3999 3094 4078 φησὶ,
3150 3999 3213 4054 τὸ
3263 3995 3556 4052 ἀσάλευτον

1914 4101 2020 4152 τῶν
2079 4100 2184 4150 σῶν
2243 4092 2477 4149 ἐντολῶν
2540 4091 2593 4163 ἐξ
2649 4089 2816 4160 αὐτῆς
2859 4094 2959 4159 τῆς
3002 4091 3111 4142 τῶν
3167 4085 3400 4142 ἐντολῶν
3455 4104 3560 4158 μου

1919 4182 2150 4260 μελέτης
2179 4182 2268 4238 καὶ
2298 4181 2678 4255 καταλήψεως.

1987 4298 2016 4326 ‹‹
2047 4277 2238 4347 Κρῐνον
2293 4272 2392 4340 τὴν
2443 4270 2618 4344 κρίσιν
2672 4289 2798 4342 μου,
2847 4266 2937 4321 καὶ
2986 4261 3262 4341 λύτρωσαί
3313 4282 3400 4336 με.
3432 4285 3558 4314 ››-

1917 4364 2032 4432 Τὴν
2069 4361 2203 4435 μετά
2227 4363 2336 4416 τῶν
2367 4356 2758 4432 πολεμούντων
2795 4376 2887 4430 μοι
2918 4353 3091 4432 κρίσιν
3127 4373 3252 4426 μου.

1987 4493 2016 4521 ‹‹
2047 4469 2145 4523 Διὰ
2170 4467 2262 4522 τὸν
2296 4464 2458 4542 λόγον
2490 4485 2588 4520 σου
2620 4461 2784 4533 ζῆσόν
2818 4482 2905 4535 με.
2939 4483 2968 4512 ››
3000 4491 3071 4502 -
3109 4458 3208 4513 Διά
3249 4455 3340 4512 τὸν
3383 4453 3554 4529 νόμον

1915 4579 2012 4614 σου
2073 4554 2414 4627 ζωοποίησόν
2477 4575 2562 4627 με,
2626 4549 2693 4607 δι’
2744 4552 2803 4606 ’ὸν
2866 4547 3162 4606 κινδυνεύω
3245 4546 3556 4617 ἀποθανεῖν,

240 4649 270 4678 ιι
305 4627 706 4721 Πεπυρωμένον
734 4627 815 4721 τὸΔ
840 4626 1031 4721 λόγιόν
1073 4650 1168 4684 σου
1225 4626 1450 4721 σφόδρα,
1481 4629 1570 4721 καὶ
1616 4631 1645 4685 6
1680 4627 1811 4721 δοῦ·
1841 4631 1888 4695 D
1918 4648 1954 4718 ἢ
2014 4644 2103 4702 διὰ
2154 4647 2255 4715 τὴν
2316 4626 2606 4721 ὑπόσχεσιν
2674 4662 2792 4713 σου,
2849 4639 3029 4703 καθὼς
3087 4633 3307 4713 εἴρηκας
3363 4634 3555 4704 σώζειν

166 4709 267 4777 λάε
297 4715 703 4811 ςουμήγᾴπησεν
758 4716 932 4811 αὖτέ-μ
955 4743 1081 4811 ’.ξς-
1113 4719 1375 4811 -Καθαρδς
1433 4716 1553 4773 λίαν
1612 4720 1810 4793 μώμου
1921 4709 2048 4798 τοὺς
2073 4709 2579 4811 τυραννοῦνταςσῖτὸν
2610 4709 2785 4804 νόμον
2811 4748 2928 4783 σου.

167 4804 372 4865 παντὸς
401 4804 430 4858 6
459 4803 628 4878 νόμος
661 4825 759 4860 σου
788 4805 876 4860 καὶ
907 4801 1232 4876 ἀκίϐδηλος.

241 4915 271 4943 ‹‹
303 4891 580 4968 Νεώτερος
630 4891 740 4969 ἐγώ
785 4892 896 4967 εῗμι
960 4895 1050 4949 καὶ
1112 4893 1552 4969 ἐξουδενωμένοςσ
1611 4895 1676 4950 τὰ
1729 4893 1810 4950 δι-

163 4980 458 5053 καιώματά
513 5002 609 5037 σου
669 4981 769 5037 ούκ
817 4981 1183 5057 ἐπελαθόμην.
1218 5007 1246 5036 ››

1995 4847 2024 4876 ‹‹
2055 4807 2268 4879 Πολλοὶ
2299 4822 2351 4877 οἱ
2383 4817 2733 4880 ἐκδιωκοντές
2779 4837 2845 4890 με
2899 4815 2990 4870 καὶ
3045 4807 3323 4874 θλίϐοντές
3385 4831 3471 4885 με,
3498 4807 3560 4866 ἐκ

1920 4919 2026 4968 τῶν
2087 4911 2392 4988 μαρτυρίων
2452 4931 2547 4965 σου
2603 4907 2703 4964 οὐκ
2759 4905 3022 4976 ἐξέκλινα.
3073 4926 3104 4957 ››
3151 4934 3222 4944 --
3278 4900 3380 4988 Κᾶν
3431 4897 3566 4956 πολ·

1296 4983 1749 5075 -.ᾼΕύχαριστεῖ
1786 4986 1814 5040 ὁ
1923 5001 2015 5057 λοὶ
2046 4983 2320 5075 ὁρατοίτε
2343 4998 2434 5055 καὶ
2480 4998 2701 5075 ἀόρατοι
2763 4991 2955 5070 ἐχθροὶ
3007 4987 3382 5067 κατατρέχωσί
3438 5009 3564 5075 μου,

165 5065 332 5164 Apf-8
389 5073 470 5142 τῷ
523 5074 663 5144 θεῷ›
722 5071 854 5147 ὑπὲρ
914 5071 978 5126 οὗ
1033 5072 1299 5148 νεώτερος
1373 5069 1446 5126 ὢν
1494 5077 1603 5128 τῶν
1650 5073 1815 5129 αὐτοῦ
1923 5089 2050 5146 ἀλλ’
2080 5065 2328 5164 ’ἴσχυσαν
2389 5065 2636 5149 οὐδόλως
2693 5065 3017 5156 τοῦ-’νόμου
3074 5065 3185 5134 σου
3229 5074 3567 5155 παρατρέψαι

163 5153 441 5235 ἀδελφῶν,
503 5159 594 5214 καὶ
652 5157 1022 5230 ἐξουδενωθεὶς
1075 5160 1222 5236 παρά
1274 5164 1372 5215 τοῦ
1427 5162 1629 5240 πατρὸς
1689 5161 1818 5217 ἐνώο

163 5265 292 5301 πιον
355 5245 647 5320 Σαμουὴλ,
715 5247 1085 5322 ἐμνημόνευσε
1157 5252 1264 5302 τῶν
1338 5248 1495 5312 θείων
1580 5247 1815 5306 ἐντολῶν

163 5335 318 5410 παρᾶ
343 5333 544 5397 πάντας
571 5334 700 5399 τοὺς
726 5335 1114 5413 προκριθέντας
1144 5336 1328 5393 αὐτοῦ.

248 5443 371 5497 «Ἠ
426 5439 736 5515 δικαιοσύνη
795 5465 895 5499 σου
953 5440 1264 5514 δικαιοσύνη
1325 5444 1400 5507 εἷς
1455 5446 1546 5500 τὸν
1626 5445 1816 5518 αἰῶνα,

1929 5199 2024 5320 pe;
2060 5263 2218 5321 Εἶδον
2304 5267 2682 5324 ἀσυνετοῦντας
2759 5259 2850 5315 καὶ
2936 5257 3290 5331 ἐξετηκομην,
3347 5252 3434 5310 ὅτι
3502 5251 3574 5309 τὰ

1927 5355 2093 5431 λόγιά
2147 5376 2242 5410 σου
2295 5355 2394 5410 οὐκ
2451 5351 2802 5430 ἐφυλάξαντο.
2845 5373 2874 5401 υ
2927 5378 2996 5391 -
3045 5349 3132 5418 Τῷ
3188 5342 3346 5418 ζήλῳ
3399 5363 3570 5431 κατη-

1926 5430 2156 5519 σθιόμην
2211 5444 2572 5518 ἀθετουμένου
2627 5440 2732 5496 ὑπὸ
2783 5441 2892 5494 τῶν
2937 5434 3187 5514 ἀφρόνων
3228 5437 3326 5488 τοῦ
3389 5430 3567 5506 νόμου

172 5529 268 5586 καὶ
299 5531 328 5585 ὁ
355 5530 521 5605 νόμος
550 5553 646 5587 σου
676 5530 925 5604 ἀλήθεια.
961 5554 986 5585 υ
1019 5565 1089 5576 —-
1117 5533 1179 5588 Ἣ
1229 5531 1424 5603 ἐντολή
1472 5551 1572 5588 σου
1621 5531 1822 5590 δικαιοῖ
1929 5555 2044 5591 σου.

173 5619 416 5683 αἰωνίως
473 5621 566 5676 τὸν
621 5622 820 5693 ταύτην
875 5621 1233 5697 φυλάσσοντα,
1276 5621 1363 5676 καὶ
1422 5620 1518 5676 ὅσα
1577 5625 1605 5678 6
1649 5623 1820 5697 νόμος

176 5727 277 5765 σου
307 5708 695 5787 ἐπαγγέλλεται
723 5716 978 5789 τηροῦσιν
1010 5709 1188 5786 αὐτὸν,
1220 5708 1427 5787 ἀψευδῆ
1457 5711 1579 5770 εἰσι.

2004 5647 2033 5676 ‹‹
2063 5624 2242 5698 Ἀρχὴ
2273 5627 2378 5678 τῶν
2413 5621 2594 5697 λόγων
2629 5641 2724 5674 σου
2753 5616 2984 5688 ἀλήθεια
3011 5611 3100 5669 καὶ
3131 5610 3210 5674 εἰς
3258 5611 3349 5666 τὸν
3397 5607 3570 5698 αἰῶνα

1932 5714 2104 5768 πάντα
2149 5713 2218 5768 τὰ
2263 5711 2502 5788 κρίματα
2553 5712 2652 5780 τῆς
2701 5706 3044 5776 δικαιοσύνης
3093 5723 3208 5758 σου.
3244 5724 3273 5752 ››
3303 5731 3371 5742 --
3400 5697 3499 5754 Καὶ
3528 5696 3568 5768 ἡ
