3998 6414
368 419 518 484 1591

367 645 528 694 πᾶσαι
586 641 642 694 αἱ
700 640 1026 719 ἀποφάνσεις
1092 663 1208 699 σου.
1272 666 1301 695 ››
1351 644 1455 705 Τάς
1519 644 1653 698 κατά
1719 645 1905 719 καιρὸν
1949 641 2008 698 δὲ

367 728 512 791 θείας
542 727 865 806 ἐπαγγελίας
898 730 1084 807 φησίν.

441 842 470 869 ‹‹
507 819 803 895 ’Δρχοντες
848 817 1172 894 κατεδίωξάν
1230 841 1297 894 με
1336 819 1562 897 δωρεὰν,
1611 822 1701 878 καὶ
1748 822 1855 878 ἀπὸ
1899 827 2005 878 τῶν

367 903 552 982 λόγων
585 928 680 964 σου
713 905 1003 964 ἐδειλίασεν
1036 912 1072 979 ἡ
1118 907 1312 986 καρδία
1361 931 1487 983 μου.
1519 933 1548 962 ››
1582 945 1650 954 -
1681 909 1909 974 Ἀδίκως
1957 913 2008 966 οἱ

367 995 632 1070 πολέμιοι
674 995 1009 1074 κατέδραμόν
1075 1017 1201 1072 μου’
1246 999 1371 1055 ἀλλ’
1420 999 1524 1076 ἐγὼ
1576 997 1872 1078 ἐφειδόμην
1922 999 2012 1056 αύ-

367 1090 498 1155 τῶν,
522 1085 617 1149 τὰς
647 1087 745 1149 σὰς
775 1082 1114 1165 φοϐούμενος
1145 1087 1387 1150 ἐντολάς.

441 1197 471 1225 ››
503 1173 938 1250 Ἀγαλλιάσομαι
981 1175 1086 1252 ἐγὼ
1134 1175 1221 1232 ἐπὶ
1265 1179 1334 1233 τὰ
1381 1177 1541 1254 λόγιά
1588 1200 1704 1251 σου,
1735 1180 1810 1241 ὡς
1857 1180 1885 1233 6
1925 1178 2012 1233 εύ-

372 1260 569 1338 ρίσκων
601 1261 775 1318 σκῦλα
801 1262 1005 1321 πολλά.
1041 1289 1070 1317 ››
1098 1298 1169 1309 —
1211 1291 1240 1318 α
1281 1264 1568 1339 Πολεμίων
1617 1268 1871 1341 μνησθεὶς
1923 1268 2012 1323 καὶ

373 1351 587 1408 σκύλων
620 1350 887 1426 ἐμνήσθη.

445 1465 476 1493 ‹‹
509 1443 761 1505 Ἐπτάκις
803 1450 903 1513 τῆς
952 1443 1163 1518 ἡμέρας
1211 1441 1377 1519 ᾕνεσά
1430 1468 1487 1500 σε
1535 1446 1623 1501 ἐπὶ
1663 1448 1730 1502 τά
1777 1446 2015 1523 κρίματα

375 1535 474 1602 τῆς
534 1530 880 1604 δικαιοσύνης
933 1555 1048 1589 σου.
1107 1559 1128 1586 ι
1190 1567 1260 1578 --
1313 1535 1590 1599 Πολλάκις
1645 1544 1748 1608 τῆς
1804 1537 2014 1614 ἡμέρας

375 1619 596 1694 ὕμνησά
624 1643 704 1689 σε,
735 1619 826 1677 διά
846 1623 943 1686 τὰς
969 1621 1302 1686 δικαιώσεως
1331 1625 1553 1701 κρίσεις.

453 1733 476 1763 ι
511 1709 714 1787 Εἰρήνη
767 1709 952 1782 πολλὴ
1000 1718 1118 1775 τοῖς
1166 1714 1410 1790 ἀγαπῶσι
1460 1716 1551 1770 τὸν
1579 1717 1748 1788 νόμον
1780 1739 1896 1786 σου,
1928 1739 2018 1773 και

379 1796 478 1854 οὐκ
505 1796 645 1852 ἔστιν
671 1798 854 1861 αὐτοῖς
884 1798 1203 1858 σκάνδαλον.
1241 1825 1268 1853 ››
1299 1835 1367 1845 --
1398 1804 1539 1880 Πρὸς
1581 1804 1708 1859 Θεὸν
1758 1805 1846 1861 καὶ
1890 1806 2016 1869 τοὺς

1615 421 2037 487 NICEPHORI
2083 419 2518 484 BLEMMIDE

365 550 558 625 πρώτη
610 547 756 628 ἀρχὴ
806 551 914 606 τῶν
965 546 1148 628 λόγων
1198 552 1292 608 σού
1341 549 1602 627 ἀψευδὴς,
1644 554 1735 609 καὶ
1796 553 2008 609 αἰώνιοι
2039 556 2093 622 Α

3609 419 3749 482 1592

2193 552 2399 626 «Πρὸς
2459 551 2652 628 Κύριον
2707 550 2758 607 ἐν
2816 551 2897 624 τῷ
2981 545 3258 619 θλίϐεσθαί
3336 574 3404 628 με
3487 551 3752 626 ἐκέκραξα,

2115 642 2204 696 καὶ
2254 641 2535 711 εἰσήκουσέ
2588 663 2712 714 μου.
2764 665 2792 692 ››
2821 673 2890 686 —
2921 642 3008 696 ’Ev
3058 646 3124 716 τῇ
3179 640 3362 717 θλίψει
3419 648 3522 712 τῆς
3557 641 3752 716 αἰχμα-

2117 727 2320 792 λωσίας
2361 729 2448 784 καὶ
2491 736 2591 800 τῆς
2640 729 2835 786 ἐκεῖθεν
2889 731 3266 794 κακοπαθείας.
3308 732 3482 804 Νόμῳ
3534 728 3597 786 δὲ
3642 750 3759 804 προ-

2118 817 2342 896 φητείας
2391 819 2465 880 ὡς
2513 817 2932 893 παρεληλυθότα
2979 819 3125 896 λέγει
3165 821 3231 874 τά
3266 819 3562 893 μέλλοντα.
3599 825 3761 895 Προσ-

2119 908 2256 980 ώπῳ
2277 905 2334 962 δὲ
2362 912 2460 962 τοῦ
2492 902 2869 984 εὐσεϐεστέρου
2903 909 3100 983 μέρους
3133 909 3183 963 οἱ
3217 908 3394 985 λόγοι.

2193 1020 2222 1048 «
2252 995 2433 1070 Κύριε,
2469 996 2622 1072 ῥῦσαι
2669 997 2769 1065 τήν
2823 999 3008 1073 ψυχήν
3059 1019 3162 1070 μου
3213 998 3317 1052 ἀπὸ
3362 995 3608 1074 χειλέων
3657 989 3761 1051 ἀδί-

2118 1106 2226 1139 κων
2285 1086 2374 1139 καὶ
2425 1086 2529 1140 ἀπὸ
2577 1084 2833 1160 γλώσσης
2896 1083 3106 1148 δολίας.
3150 1112 3178 1137 ››
3227 1121 3294 1130 -—
3343 1085 3545 1142 Ἀδικα
3602 1085 3759 1162 χείλη

2118 1179 2314 1236 κοινῶς
2375 1176 2468 1246 μὲν
2517 1172 2689 1230 πάντα
2744 1176 2810 1229 τά
2862 1174 3152 1251 παράνομά
3205 1197 3262 1230 τε
3289 1176 3378 1230 καὶ
3441 1174 3759 1253 βλάσφημα,

2124 1261 2276 1326 ίδίως
2335 1261 2392 1318 δὲ
2437 1263 2504 1318 τὰ
2546 1269 2653 1318 τῶν
2704 1263 3196 1342 συκοφαντούντων·
3239 1263 3467 1339 γλῶσσα
3511 1262 3571 1319 δὲ
3616 1262 3768 1318 δολία

2121 1353 2156 1422 ἢ
2203 1373 2262 1408 τε
2309 1352 2481 1408 αὐτῶν
2531 1353 2737 1408 τούτων
2787 1353 2876 1408 καὶ
2925 1352 3110 1416 ἷ’δικῶς
3139 1356 3174 1422 ἡ
3218 1358 3325 1408 τῶν
3377 1349 3768 1408 ἐπιϐουλευόν-

2120 1464 2250 1498 των.

2199 1532 2314 1585 «Τί
2378 1530 2561 1602 δοθείη
2648 1553 2731 1587 σοι
2808 1533 2898 1587 καὶ
2958 1533 3009 1586 τί
3072 1531 3387 1608 προστεθείη
3472 1553 3560 1586 σοι
3638 1533 3772 1605 πρὸς

2125 1623 2375 1698 γλῶσσαν
2423 1619 2652 1689 δολίαν;
2689 1645 2716 1672 ››
2747 1653 2816 1663 —-
2863 1621 3005 1696 Πρὸς
3051 1619 3145 1675 τὸν
3191 1620 3503 1675 ἱκετεύοντα
3550 1620 3716 1698 φησὶν
3745 1621 3772 1672 6

2127 1713 2444 1789 Προφήτηςο
2503 1709 2563 1764 Τί
2623 1707 2906 1780 δοθήσεταί
2963 1731 3049 1764 σοι
3104 1710 3459 1785 ἀμυντήριον,
3491 1709 3775 1780 τεθήσεταί

2128 1822 2212 1855 σοι
2270 1799 2408 1875 πρὸς
2462 1803 2710 1854 τοιοῦτον
2786 1805 3014 1874 πρᾶγμα
3089 1795 3618 1872 δυσκαταγώνιστον,
3675 1799 3770 1866 τὴν

380 1887 674 1964 ὁμογενεῖς.
736 1886 1046 1946 Σκάνδαλον
1128 1888 1184 1946 δὲ
1266 1888 1410 1967 λέγει
1486 1894 1548 1947 τὸ
1631 1894 2020 1970 πρόσκρουσμα
2049 1923 2098 1988 Β
2127 1889 2375 1966 γλῶσσαν
2425 1890 2523 1958 τὴν
2577 1886 2800 1963 δολεράν
2836 1888 2915 1956 {ﬁ
2965 1887 3176 1948 πάντως
3226 1885 3377 1942 οὐδὲν
3430 1888 3772 1964 ἀνθρώπινον

379 1976 470 2031 καὶ
499 1979 562 2033 τὸ
591 1976 852 2052 ἐμπόδιον
879 1986 978 2049 τῆς
1011 1977 1350 2050 δηλωθείσης
1383 1980 1626 2058 εἰρήνης.

451 2093 481 2120 ‹‹
513 2066 782 2146 Ἐφύλαξα
853 2069 949 2132 τὰς
1027 2067 1247 2132 ἐντολάς
1311 2090 1406 2125 σου
1467 2071 1556 2126 καὶ
1623 2075 1688 2128 τὰ
1757 2075 2023 2151 μαρτύριά

377 2179 496 2216 σου.
531 2181 559 2210 ››
589 2191 659 2202 -
705 2159 989 2233 Ἠγάπησα
1027 2157 1245 2232 ταύτας,
1289 2157 1382 2214 ’ίνα
1422 2158 1551 2235 ἔλθῃ
1604 2183 1696 2235 μοι
1743 2164 1806 2217 τὸ
1852 2184 2019 2239 προσ-

379 2246 524 2304 δοκώ
532 2268 711 2322 μενον.

449 2361 479 2390 α
509 2338 628 2392 ’Ότι
677 2341 845 2392 πᾶσαι
880 2337 937 2390 αἱ
983 2333 1102 2390 ὁδοί
1153 2358 1258 2410 μου
1309 2337 1542 2394 ἐναντίον
1591 2361 1709 2409 σου,
1757 2342 1937 2416 Κύριε.
1988 2366 2017 2395 »

375 2458 446 2469 —
494 2423 678 2482 Αἴτιον
725 2433 828 2496 τῆς
877 2424 1125 2504 φυλακῆς
1175 2425 1373 2498 αὐτῶν,
1425 2427 1508 2483 ὅτι
1557 2430 1660 2484 ὑπὸ
1726 2431 1811 2485 σοὶ
1859 2433 2020 2506 θεατῇ

375 2514 759 2589 πολιτεύομαι.

451 2606 807 2680 «Ἐγγισάτω
873 2607 909 2674 ἡ
973 2601 1156 2676 δέησίς
1229 2626 1333 2679 μου
1392 2602 1621 2661 ἐνώπιόν
1670 2629 1787 2677 σου,
1839 2608 2017 2685 Κύριε·

375 2695 513 2749 κατά
566 2693 629 2748 τὸ
704 2691 889 2769 λόγιόν
967 2694 1067 2748 σού
1130 2693 1399 2749 συνέτισόν
1454 2716 1540 2768 με.
1593 2719 1622 2747 ››
1663 2730 1729 2739 -
1785 2697 1934 2768 Αὕτη
1983 2701 2018 2767 ἡ

379 2781 584 2857 δέησις,
611 2781 701 2838 ἵνα
741 2783 948 2840 σύνεσιν
996 2783 1086 2838 καὶ
1135 2787 1332 2860 γνῶσιν
1382 2779 1538 2838 λάϐω
1588 2784 1665 2848 εἰς
1711 2786 1803 2840 τὸν
1849 2787 2023 2860 νόμον

378 2893 497 2932 σου.

451 2961 763 3020 «Εἰσέλθοι
807 2963 872 3018 τὸ
929 2960 1142 3035 ἀξίωμά
1201 2983 1306 3035 μου
1382 2961 1607 3018 ἐνώπιόν
1662 2985 1778 3037 σου,
1838 2964 2019 3042 Κύριε⁶

379 3053 514 3109 κατά
541 3053 604 3108 τὸ
635 3050 822 3126 λόγιόν
857 3071 954 3106 σου
986 3050 1139 3126 ῥῦσαί
1173 3073 1258 3125 με.
1294 3075 1314 3102 ι
1350 3084 1419 3093 -
1449 3051 1695 3125 Ἀξίωμά
1742 3076 1873 3131 φησι
1920 3056 2019 3124 τὴν

373 3142 612 3214 ἀξίωσίν
666 3139 757 3196 καί
814 3139 1176 3218 παράκλησιν·
1230 3139 1427 3217 λόγους
1499 3138 1556 3196 δὲ
1619 3141 1865 3207 ἐνταυθοῖ
1920 3146 2019 3214 την

380 3230 695 3308 ὑπόσχεσιν.

454 3341 478 3371 ι
513 3296 879 3396 ’ἓξερεύξαντο
925 3320 993 3373 τά
1041 3316 1205 3394 χείλη
1269 3340 1374 3391 μου
1437 3318 1629 3393 ὕμνον,
1678 3319 1801 3376 ὅταν
1871 3320 2018 3377 διδά-
2051 3296 2094 3364 C

378 3410 468 3484 ξῃς
547 3431 615 3483 με
677 3409 747 3464 τά
833 3405 1176 3480 δικαιώματά
1251 3429 1368 3463 σου.
1439 3432 1467 3460 ››
1535 3443 1597 3452 —
1665 3410 2019 3486 Ἐξενέγκοιεν

377 3498 544 3573 ὕμνον
579 3497 996 3575 εύχαριστήριον
1029 3495 1152 3551 ὅταν
1201 3494 1413 3571 διδάξῃς
1467 3518 1534 3570 με
1577 3500 1668 3553 τὸν
1717 3499 1885 3573 νόμον
1925 3522 2021 3556 σου

380 3587 634 3650 ἐντελῶς.
666 3611 696 3641 n

450 3701 480 3729 ‹‹
513 3674 752 3731 Γενέσθω
797 3677 834 3746 ἡ
887 3673 1012 3752 χείρ
1043 3694 1138 3731 σου
1185 3679 1281 3730 τοῦ
1329 3674 1496 3730 σῶσαί
1549 3697 1634 3750 με,
1666 3675 1748 3732 ὅτι
1794 3678 1889 3741 τὰς
1939 3678 2021 3734 ἐν-

377 3763 548 3828 τολάς
600 3785 696 3819 σου
739 3765 1098 3840 ᾖρετισάμην.
1154 3787 1184 3816 ››
1224 3797 1292 3806 -
1343 3765 1732 3842 Παραγενέσθω
1797 3766 1884 3822 ἐπὶ
1941 3772 2022 3840 τῷ

383 3853 551 3910 σῶσαί
583 3874 668 3927 με.

456 3966 485 3996 (ι
516 3945 742 4014 Ζήσεται
783 3945 819 4012 ἠ
873 3943 1025 4018 ψυχή
1089 3963 1195 4016 μου
1259 3943 1350 3997 καὶ
1427 3943 1623 3998 αἰνέσει
1680 3965 1756 4016 σε,
1813 3944 1903 4000 καὶ
1957 3948 2026 4000 τὰ

379 4031 619 4109 κρίματά
690 4051 786 4086 σου
862 4033 1121 4106 βοηθήσει
1199 4053 1313 4106 μοι.
1377 4054 1399 4082 ι
1484 4065 1554 4074 -
1625 4035 1851 4104 Ζήσεται
1923 4035 2021 4103 τὴν

379 4115 550 4183 ὅντως
602 4120 770 4190 ζωὴν,
819 4119 910 4174 καὶ
958 4119 1154 4175 αἰνέσει
1205 4141 1263 4175 σε
1325 4117 1589 4191 διηνεκῶς
1660 4121 1748 4176 καὶ
1810 4123 1878 4178 τά
1942 4122 2022 4178 ἐν-

377 4207 632 4284 τάλματά
712 4230 809 4264 σου
897 4209 1164 4284 βοηθήσαι
1226 4231 1341 4282 μοι,
1401 4208 1693 4288 φυλάξαντι
1747 4215 1930 4266 ταῦτα.
1994 4235 2022 4264 ››

378 4299 654 4355 Εὑκτικῶν
689 4295 746 4353 δὲ
777 4295 1004 4370 δύναμιν
1034 4295 1222 4373 ἔχουσι
1250 4297 1318 4353 τὰ
1350 4297 1507 4374 ῥητὰ.

450 4412 481 4440 ‹‹
512 4386 856 4458 Ἐπλανήθην
922 4387 997 4449 ὡς
1062 4381 1334 4460 πρόϐατον
1402 4385 1720 4450 ἀπολωλός·
1792 4390 2026 4458 ζήτησον

375 4475 467 4532 τὸν
517 4475 713 4531 δοῦλόν
757 4496 873 4548 σου,
923 4474 1006 4530 δτι
1051 4476 1148 4537 τὰς
1198 4473 1418 4537 ἐντολάς
1475 4496 1570 4530 σου
1618 4475 1716 4531 οὐκ
1763 4476 2023 4540 ἐπελαθό-

382 4585 514 4639 μην.
546 4587 575 4620 υ
608 4597 678 4606 -
707 4563 770 4619 Εἰ
800 4565 904 4640 γὰρ
941 4563 1031 4618 καὶ
1086 4558 1296 4639 παρέϐη
1344 4565 1477 4618 ποτέ
1522 4584 1692 4633 τινας,
1726 4561 1871 4619 ἀλλά
1925 4561 2025 4634 λή-

2129 1979 2482 2054 ἀμυντήριον·
2539 1971 2764 2052 τάβέλη
2838 1973 2895 2031 δὲ
2945 1981 3041 2030 τοῦ
3103 1975 3270 2049 μόνου
3301 1973 3529 2030 δυνατοῦ
3618 1980 3773 2047 Θεοῦ,

2129 2067 2284 2122 ἅτινά
2327 2066 2455 2121 εἰσιν
2509 2065 2825 2138 ἠκονημένα
2885 2064 3018 2138 μετά
3071 2064 3160 2119 καὶ
3210 2064 3487 2140 ἀνθράκων
3569 2065 3774 2140 ἐρημο-

2128 2159 2322 2210 ποιῶν’
2356 2153 2440 2209 διὸ
2494 2159 2661 2209 ταῦτα
2719 2153 2855 2227 μόνα
2907 2153 3034 2215 τοὺς
3095 2153 3464 2228 παρανόμους,
3525 2155 3622 2208 καὶ
3695 2155 3776 2208 τέ-

2134 2266 2282 2319 μνειν
2313 2245 2402 2300 καὶ
2431 2244 2600 2298 καίειν
2631 2243 2719 2297 καὶ
2750 2243 3019 2319 ἀφανίζειν
3073 2241 3344 2318 ἰσχύουσι.
3379 2240 3530 2313 Βέλη
3585 2241 3647 2298 δὲ
3691 2243 3778 2298 καὶ

2130 2334 2394 2410 ἄνθρακας
2424 2335 2520 2395 τὰς
2551 2330 2842 2410 διαφόρους
2871 2332 3139 2408 τιμωρίας
3172 2331 3473 2404 ὠνόμασεν.

2200 2447 2228 2474 ‹‹
2260 2419 2450 2494 Οῗμοι,
2509 2420 2592 2475 ὅτι
2648 2423 2683 2489 ἡ
2736 2420 2996 2496 παροικία
3050 2442 3152 2492 μου
3206 2419 3565 2495 ἐμακρύνθηί
3633 2445 3661 2472 »ι
3719 2454 3781 2465 -

2130 2509 2300 2566 Πάλιν
2347 2511 2374 2564 6
2424 2509 2591 2585 λόγος
2641 2509 2746 2563 ἀπὸ
2799 2513 2896 2563 τοῦ
2947 2507 3304 2579 ἱκετεύοντος,
3361 2505 3781 2583 ἀποδυρομένου

2126 2601 2190 2655 τὸ
2214 2607 2315 2669 τῆς
2343 2597 2728 2675 αἰχμαλωσίας
2760 2597 3044 2660 πολυετές.

2201 2714 2229 2741 ‹‹
2263 2691 2654 2759 Κατεσκήνωσα
2715 2687 2846 2760 μετά
2901 2691 3008 2741 τῶν
3070 2687 3449 2758 σκηνωμάτων
3503 2683 3713 2758 Κηδάρ.
3754 2709 3782 2736 )9

2130 2779 2522 2848 Κατεσκήνωσα
2580 2775 2740 2850 μέσον
2796 2779 2903 2830 τῶν
2977 2778 3183 2845 σκηνῶν
3239 2772 3452 2849 Κηδάρ.
3506 2775 3676 2851 Χώρα
3729 2771 3782 2828 δέ

2131 2865 2272 2922 ἐστιν
2350 2865 2484 2936 αὕτη
2571 2865 2940 2942 παρακειμένη
3028 2858 3424 2932 Βαϐυλωνίοις,
3490 2863 3782 2938 οἰκήτορας

2131 2953 2332 3032 ἔχουσα
2383 2953 2704 3030 βδελυροὺς,
2737 2950 2861 3018 ἔνθα
2905 2953 3032 3014 τοὺς
3061 2950 3357 3013 Ἰουδαίους
3401 2953 3456 3006 οἱ
3520 2947 3780 3008 Βαϐυλώ-

2129 3065 2232 3098 νιοι
2292 3049 2521 3113 σκηνοῦν
2583 3042 2786 3114 ἔταξαν.
2846 3040 3232 3117 Ἐρμηνεύεται
3291 3037 3349 3095 δὲ
3411 3037 3603 3115 Κηδάρ
3666 3061 3782 3094 σκο-

2129 3132 2355 3206 τασμός.
2391 3132 2736 3206 Σκηνώματα
2793 3129 2851 3186 δὲ
2902 3135 3209 3204 σκοτασμοῦ
3239 3132 3274 3200 ἡ
3318 3129 3370 3184 ἐν
3423 3134 3548 3191 τοῖς
3599 3130 3781 3184 πάθεσι

2132 3217 2406 3298 διατριϐή.

2209 3331 2232 3360 α
2265 3310 2459 3367 Πολλά
2503 3310 2816 3384 παρῴκθσεν
2845 3311 2880 3378 ἡ
2910 3310 3060 3384 ψυχή
3120 3329 3246 3380 μου.
3282 3329 3310 3358 ››
3341 3340 3413 3350 -—
3457 3304 3662 3362 Πολλά
3700 3305 3786 3375 ἔτη

2132 3401 2182 3456 ἐν
2211 3399 2470 3476 παροικίᾳ
2494 3400 2594 3468 τῆς
2626 3397 3012 3473 αἰχμαλωσίας
3045 3394 3327 3472 διήγαγον.

2203 3514 2230 3541 ‹‹
2264 3490 2411 3545 Μετὰ
2454 3492 2561 3542 τῶν
2613 3487 2911 3560 μισούντων
2952 3487 3050 3554 τὴν
3101 3483 3320 3560 εἰρήνην
3371 3482 3531 3558 ἤμην
3584 3485 3789 3559 εἰρηνι-

2130 3579 2249 3642 κός.
2283 3603 2312 3630 ››
2343 3610 2412 3621 --
2441 3579 2498 3631 Ὁ
2530 3575 2690 3652 λόγος
2720 3578 2872 3648 ἡμᾶς
2899 3571 3141 3629 παιδεύει
3195 3573 3287 3627 καὶ
3349 3573 3490 3646 μετά
3537 3578 3652 3629 τῶν
3705 3595 3790 3651 φι-

2134 3668 2392 3725 λονείκων
2426 3664 2718 3742 εἰρηνεύειν
2747 3665 2811 3720 τὸ
2841 3663 2921 3741 ἐφ’
2952 3664 3178 3724 ἑαυτοῖς.

2205 3783 2233 3810 ‹‹
2265 3760 2426 3811 Ὅταν
2474 3755 2705 3810 ἐλάλουν
2765 3753 2948 3815 αὐτοῖς
3007 3751 3310 3824 ἐπολέμουν
3372 3771 3439 3824 με
3491 3747 3730 3826 δωρεάν.
3763 3773 3791 3799 ιο

2133 3881 2200 3890 -
2255 3849 2414 3901 Ὅταν
2473 3843 2703 3900 ἐλάλουν
2775 3842 3042 3919 εἰρηνικὰ,
3106 3839 3278 3914 μάτην
3332 3841 3386 3894 οἱ
3440 3847 3552 3910 τῆς
3604 3837 3786 3912 Κηδάρ

2134 3933 2439 4008 ἐπολέμουν
2476 3950 2562 4007 με*
2595 3930 2700 4008 ἐγὼ
2731 3928 2790 3986 δὲ
2815 3929 2907 3985 καὶ
2940 3929 3114 3992 οὕτως
3145 3928 3444 4004 εἰρήνευον.

2729 4059 3025 4110 ΨΔΛΜΟΣ
3066 4060 3182 4109 PK‘.

2209 4173 2237 4201 «
2269 4144 2398 4224 ’ῼδὴ
2451 4149 2560 4201 τῶν
2628 4137 2982 4216 ἀναϐαθμῶν.
3043 4145 3184 4218 Ἦρα
3256 4141 3384 4197 τοὺς
3463 4139 3786 4220 ὀφθαλμούς

2137 4259 2243 4311 μου
2290 4237 2366 4299 εἰς
2411 4235 2478 4290 τὰ
2523 4230 2646 4310 ὅρη,
2681 4233 2797 4288 ὅθεν
2852 4232 2967 4304 ἥξει
3008 4234 3043 4301 ἡ
3097 4232 3320 4308 βοήθειά
3371 4251 3501 4304 μου.
3534 4232 3600 4288 Ἡ
3655 4231 3786 4306 βοή-

2132 4328 2248 4382 θειά
2307 4347 2412 4399 μου
2471 4325 2618 4401 παρά
2670 4321 2892 4399 Κυρίου,
2939 4326 3036 4376 τοῦ
3091 4323 3424 4390 ποιήσαντος
3481 4320 3574 4374 τὸν
3627 4319 3786 4392 ούρα-

2132 4414 2222 4472 νόν
2273 4416 2363 4469 καὶ
2421 4415 2520 4482 τὴν
2573 4419 2697 4489 γῆν.
2733 4438 2755 4465 ιι
2792 4444 2860 4453 -
2919 4410 3067 4480 Αὕτη
3125 4412 3160 4479 ἡ
3211 4406 3328 4482 ᾠδή
3387 4406 3788 4487 προφητεύειᾶ

2134 4503 2321 4580 ἔλεγον
2381 4499 2490 4572 ἤδη
2547 4508 2648 4570 τῆς
2721 4494 3051 4560 Βαϐυλῶνος
3126 4496 3428 4566 ἐκστάντες,
3490 4498 3583 4552 καὶ
3653 4497 3783 4571 πρὸς

2132 4590 2494 4669 Ἰερουσαλὴμ
2522 4585 2920 4650 ἀναϐαίνοντες.
2953 4589 3086 4663 Ὀρη
3143 4583 3199 4641 δὲ
3249 4583 3398 4660 λέγει
3444 4585 3580 4647 τοὺς
3625 4584 3782 4659 οὖρα-

379 4666 479 4725 θην
518 4650 726 4709 τούτων
777 4652 840 4708 οὐ
890 4649 1107 4707 δέδεκτο
1174 4649 1435 4722 παντελῆο
1486 4653 1521 4721 ἢ
1571 4651 1783 4722 πλάνην
1864 4651 2024 4729 φησὶν
2055 4649 2279 4744 Βπξδς.

380 4743 410 4798 6
459 4745 749 4821 προφήτης
803 4742 902 4810 τὴν
963 4741 1015 4796 ἐν
1071 4746 1151 4814 τῷ
1202 4739 1622 4796 καταδιώκεσθαι
1694 4738 1897 4796 δίαιταν
1972 4740 2024 4796 έν

379 4831 549 4909 δρεσι,
585 4834 808 4903 ζήτησιν
856 4827 915 4886 δὲ
959 4831 1060 4899 τήν
1108 4831 1243 4907 πρὸς
1290 4831 1389 4900 τὴν
1440 4831 1705 4907 προτέραν
1746 4829 2020 4885 κατοικίαν

379 4919 700 4993 ἀνάκλησιν.

962 5031 1255 5082 ΨΑΛΜΟΣ
1294 5028 1436 5084 ΡΙΘ’.

447 5131 578 5211 ’ῼδή
628 5139 734 5188 τῶν
787 5128 1137 5206 ἀναϐαθμῶν.
1189 5156 1217 5183 ››
1269 5163 1335 5176 -
1390 5134 1460 5189 Αἱ
1521 5137 1627 5187 τῶν
1696 5128 2020 5205 ἀναϐαθμῶν

377 5220 515 5296 ᾠδαί
545 5221 702 5277 πέντε
728 5222 817 5276 καὶ
866 5219 996 5276 δέκα
1041 5219 1214 5290 οὖσαι,
1247 5223 1532 5297 ἱστορικῶς
1595 5222 1686 5294 μὲν
1745 5222 1868 5296 περὶ
1923 5228 2024 5290 τῆς

376 5312 438 5367 ἐκ
493 5305 814 5372 Βαϐυλῶνος
879 5310 1017 5386 πρὸς
1074 5309 1435 5386 Ἰερουσαλὴμ
1511 5305 1814 5371 ἀναϐάσεως
1887 5330 2021 5386 προ-

378 5399 672 5481 φητεύουσι
726 5403 824 5453 τοῦ
887 5398 1250 5474 αἰχμαλώτου
1323 5397 1480 5472 λαοῦ,
1520 5399 1887 5460 ἱκετεύσαντος
1933 5399 2023 5453 καὶ

379 5490 836 5559 εἰσακουσθέντος,
885 5487 1241 5563 ἀναγωγικῶς
1316 5485 1374 5543 δὲ
1439 5488 1560 5562 περὶ
1629 5495 1731 5557 τῆς
1800 5487 1875 5550 εἰς
1922 5489 2021 5557 τὴν

382 5583 490 5636 ἄνω
544 5575 907 5652 Ἰερουσαλὴμ
963 5574 1158 5631 ἀνόδου
1212 5576 1272 5632 ἔκ
1317 5599 1376 5653 γε
1434 5580 1531 5646 τῆς
1597 5582 1695 5631 τοῦ
1757 5577 2025 5653 παρόντος

389 5670 510 5746 βίου
559 5666 872 5743 συγχύσεως
931 5662 1302 5719 ἐκδιδάσκουσι
1344 5667 1673 5742 παρακαλεῖν
1719 5666 1846 5729 τοὺς
1892 5688 2022 5737 νοη-

383 5757 512 5820 τοὺς
543 5754 1083 5832 αἰχμαλωτισθέντας
1115 5754 1188 5816 εἰς
1229 5752 1473 5810 δουλείαν
1506 5759 1711 5820 παθῶν.

621 6387 870 6405 ’“πᾶ;..;..-π
893 6389 1116 6397 ----

2204 4796 2232 4824 ‹‹
2267 4772 2354 4840 Μὴ
2389 4767 2538 4841 δῴης
2569 4767 2645 4830 εἰς
2677 4766 2840 4822 σάλον
2896 4765 2989 4820 τὸν
3037 4761 3180 4819 πόδα
3208 4782 3322 4818 σου·
3361 4759 3507 4836 μηδὲ
3557 4763 3780 4835 νυστάξῃ

2133 4861 2162 4915 6
2201 4858 2488 4937 φυλάσσων
2548 4878 2624 4912 σε.
2679 4880 2700 4908 ι
2760 4888 2828 4896 -
2883 4852 3080 4929 Τρόπῳ
3139 4849 3505 4930 φιλαδελφίας
3551 4848 3776 4910 ’έκασλος

2134 4951 2358 5005 ἑκάστου
2409 4945 2786 5021 ὑπερεύχεται,
2823 4944 2899 5016 μὴ
2951 4941 3258 5011 σαλευθείη,
3290 4939 3492 5017 λέγων,
3539 4943 3575 5010 ἡ
3631 4939 3776 5015 βάσις

2132 5061 2248 5110 σου,
2305 5036 2577 5092 τουτέστιν
2651 5036 2686 5102 ἡ
2749 5031 2880 5108 ὀρθὴ
2955 5029 3206 5086 πολιτεία
3280 5050 3400 5097 σου,
3481 5026 3628 5101 μηδὲ
3701 5025 3781 5081 διὰ

2130 5133 2290 5185 τοῦτο
2323 5126 2628 5202 ῥᾳθυμῆσαι
2687 5121 2809 5196 περὶ
2847 5123 2944 5189 τὴν
2998 5118 3244 5197 φυλακήν
3307 5140 3404 5172 σου
3437 5119 3466 5172 6
3499 5119 3779 5195 φυλάσσων

2133 5240 2191 5272 σε
2237 5215 2387 5277 Θεός.
2437 5211 2751 5287 Νοσταγμὸν
2793 5208 2850 5264 δὲ
2897 5214 3030 5264 Θεοῦ
3067 5209 3156 5262 καὶ
3207 5207 3370 5262 ὕπνον
3423 5207 3646 5277 νοητέον
3690 5206 3777 5272 τήν

2135 5304 2507 5383 ἐγκατάλειψιν
2537 5300 2801 5356 ἐνταυθοῖ.

2210 5420 2230 5445 α
2267 5390 2408 5448 Ἰδοὺ
2440 5389 2505 5444 οὐ
2536 5387 2775 5458 νυστάξει
2837 5384 2963 5441 οὐδὲ
3021 5387 3257 5441 ὑπνώσει
3289 5387 3317 5439 ὁ
3351 5383 3645 5463 φυλάσσων
3697 5382 3775 5436 τὸν

2135 5480 2377 5557 Ἰσραήλ.
2411 5504 2440 5531 »
2471 5512 2540 5521 —
2569 5477 2632 5532 Εἰ
2669 5475 2839 5552 βαίνει
2872 5477 2901 5530 ὁ
2931 5473 3151 5551 Ἰσραὴλ
3184 5473 3471 5552 ἀσφαλῶς.

2206 5570 2462 5646 «Κύριος
2541 5566 2762 5646 φυλάξει
2837 5586 2914 5637 σε,
2974 5565 3170 5639 Κύριος
3259 5563 3436 5632 σκέπη
3515 5584 3630 5632 σου,
3698 5559 3772 5614 Et?

2133 5668 2296 5738 χεῖρα
2352 5659 2521 5728 δεξιάν
2580 5676 2694 5710 σου.
2758 5678 2786 5704 ››
2834 5686 2904 5695 -
2956 5652 3151 5728 Κύριος
3237 5651 3468 5730 φυλάξει
3529 5672 3587 5705 σε
3644 5648 3770 5704 οὕτω

2139 5737 2446 5829 βαδίζοντα,
2477 5744 2673 5820 Κύριος
2706 5742 2874 5812 σκέπη
2927 5763 3007 5797 σοι
3061 5738 3206 5797 ἔσται
3257 5742 3406 5818 παρὰ
3463 5741 3563 5812 τήν
3613 5737 3768 5810 δεξιάν
