3998 6410
211 446 356 513 1593

1410 450 1823 515 EXPOSITIO
1864 451 1944 514 IN
1990 449 2377 513 PSALMOS.

3436 441 3596 506 1594

211 603 302 637 σου
359 585 521 659 χεῖρα
553 624 569 652 ,
625 581 865 639 τουτέστι
931 583 1272 658 παραστάτης
1348 582 1406 638 ἐκ
1481 581 1664 657 δεξιῶν
1741 605 1836 639 σου
1864 581 2136 656 Ατηρίαν
2169 579 2388 651 σοι,“ίνα
2416 582 2472 636 οἰ
2517 581 2609 655 μέν
2659 576 3015 657 ἀπαλλαγῶσι
3065 581 3172 634 τῶν
3220 572 3432 650 δεινῶν,
3479 574 3508 631 6
3539 571 3599 631 δέ

213 669 362 740 σταίη
396 672 768 748 ὑπερασπίζων
802 695 915 730 σου.

280 784 307 814 ‹‹
337 763 570 838 Ἡμέρας
618 763 646 817 6
703 761 862 832 ἥλιος
923 763 984 816 o6
1040 762 1320 838 συγκαύσει
1378 783 1456 829 σε,
1516 760 1702 831 ούδὲὴ
1762 782 1848 816 σε·

214 845 353 920 λήνη
386 851 483 918 τήν
528 850 708 906 νύκτα.
742 873 770 902 ››
801 884 870 892 -
918 851 1060 927 Πρὸς
1106 850 1332 928 ἔμφασιν
1384 850 1497 905 εἷπε
1545 855 1703 906 τοῦτο
1749 856 1848 919 τῆς

210 934 372 1011 ἄκρας
423 937 776 1011 ἐπιμελείας.
824 937 1216 1002 Έλλειπτικῶς
1267 937 1324 994 δὲ
1375 937 1581 1014 εἴρηται
1628 939 1690 993 τὸ
1749 938 1847 1014 {31}.-

208 1025 317 1082 τόν.
349 1027 447 1081 Τὸν
481 1024 539 1081 δὲ
569 1026 720 1097 ὅλον,
768 1026 892 1082 οὐδὲ
932 1031 968 1097 ἡ
1018 1025 1220 1098 σελήνη
1267 1029 1364 1096 τὴν
1413 1027 1578 1082 νύκτα
1628 1026 1844 1104 βλάψει·

211 1115 269 1169 οὗ
300 1117 402 1192 γὰρ
435 1116 497 1170 ού
529 1116 770 1192 συγκαίει
799 1119 834 1170 ᾗ
886 1116 1111 1188 σελήνη,
1167 1113 1502 1192 καρηϐαρίαν
1543 1115 1600 1172 δέ
1633 1115 1843 1191 μᾶλλον

209 1202 424 1276 ἐμποιεῖ
451 1205 540 1259 καὶ
570 1205 880 1281 ὠχρότητα.

277 1317 305 1346 ‹‹
341 1293 534 1370 Κύριος
582 1293 804 1373 φυλάξει
851 1297 951 1364 τήν
1003 1292 1208 1349 εἷ’σοδόν
1257 1316 1352 1349 σου
1399 1295 1490 1349 καὶ
1537 1296 1635 1364 τὴν
1665 1292 1844 1364 ἔξοδόν

213 1404 304 1437 σου
347 1383 453 1438 ἀπὸ
499 1388 596 1438 τοῦ
635 1389 726 1438 νῦν
778 1384 867 1439 καὶ
917 1381 1022 1446 ἕως
1071 1389 1168 1438 τοῦ
1214 1384 1432 1446 αἰῶνος.
1467 1407 1494 1434 ›)
1522 1417 1590 1424 --
1631 1384 1705 1438 Τὰ
1749 1391 1847 1453 τῆς

206 1469 415 1527 εἰσόδου
443 1473 534 1526 καὶ
556 1480 656 1543 τῆς
693 1468 877 1544 ἐξόδου
904 1474 1003 1542 τὴν
1036 1473 1239 1528 ἅπασαν
1271 1469 1551 1543 δεδήλωκε
1576 1478 1673 1528 τοῦ
1725 1471 1846 1549 βίου

205 1561 571 1638 ἀποστροφήν.

769 1673 1063 1724 ΨΑΛΜΟΣ
1113 1671 1278 1725 ΡΚΑ’.

275 1798 303 1827 ‹‹
349 1772 478 1854 ᾨδή
528 1780 635 1830 τῶν
681 1769 1024 1848 ἀναϐαθμῶν.
1075 1774 1392 1852 Εύφράνθην
1451 1774 1538 1828 ἐπὶ
1593 1780 1708 1837 τοῖς
1767 1775 1847 1829 εἰ-

205 1863 394 1940 ρηκόσι
455 1885 569 1936 μοι.
630 1863 722 1924 Εἰς
782 1863 928 1918 οἶκον
991 1863 1186 1940 Κυρίου
1241 1863 1631 1939 πορευσόμεθα.
1692 1885 1721 1916 ››
1778 1898 1847 1905 -

1953 672 2051 741 τὴν
2084 671 2311 748 ἀρχαίαν
2345 667 2596 746 ἀπολάϐῃ
2628 671 2965 746 εὐπρέπειαν.

2525 785 2623 833 ΨΑ
2633 784 2816 834 ΛΜοΣ
2873 778 3030 834 ΡΚΒ’.

2029 891 2057 919 ι(
2108 863 2251 942 Πρός
2295 889 2351 922 σε
2399 869 2507 942 ᾕρα
2551 867 2678 929 τοὺς
2734 865 3050 944 ὀφθαλμοὺς
3105 885 3208 937 μου
3256 864 3346 918 τὸν
3402 882 3556 917 κατοι
3587 895 3609 904 -

1955 961 2150 1011 κοῦντα
2182 958 2232 1011 ἐν
2259 962 2338 1029 τῷ
2370 956 2605 1029 οὐρανῷ.
2639 983 2666 1008 υ
2698 991 2765 998 -
2794 956 2865 1010 Τὸ
2919 954 3161 1009 εὐκτικὸν
3214 953 3327 1007 ἀντὶ
3369 950 3606 1024 μέλλον-

1955 1066 2048 1108 τος
2082 1047 2372 1121 ὁριστικοῦ.
2432 1047 2529 1100 Καὶ
2590 1045 2740 1101 οὗτοι
2799 1042 2856 1100 δὲ
2909 1042 2986 1098 ἔτι
3045 1041 3340 1098 ὁδευόντων
3397 1041 3447 1095 οἱ
3507 1039 3602 1096 λό-

1955 1156 2061 1210 γοι.

2033 1226 2198 1279 «Ὅτι
2249 1223 2335 1279 ἐπὶ
2383 1223 2528 1280 πολὺ
2583 1222 2938 1296 ἐπλήσθημεν
2991 1219 3409 1292 ἐξουδενώσεως.
3468 1241 3496 1270 ι)
3530 1251 3601 1260 -

1955 1313 2050 1376 Εἰς
2105 1313 2309 1390 μακρὰν
2358 1311 2632 1368 ὠνείδισαν
2689 1311 2944 1388 μεγάλως
2989 1311 3078 1366 καὶ
3128 1308 3417 1388 ἐφαύλισαν
3453 1309 3601 1381 ἡμᾶς

1957 1403 2008 1456 οἱ
2038 1400 2606 1477 αἰχμαλωτεύσαντες.

2026 1513 2055 1542 ‹‹
2087 1490 2207 1545 Ἐπὶ
2259 1489 2448 1545 πλεῖον
2509 1489 2754 1562 ἐπλήσθη
2815 1492 2850 1560 ἡ
2910 1491 3063 1564 ψυχή
3115 1491 3298 1562 ἡμῶν-
3335 1509 3358 1540 ³
3396 1488 3597 1554 -Τῆς

1957 1578 2073 1656 εἰρη
2085 1578 2214 1652 μένη
2225 1602 2249 1634 ς
2281 1578 2693 1653 ἐξουδενώσεως.

2028 1693 2056 1721 ‹‹
2086 1669 2156 1723 Τὸ
2187 1664 2391 1732 ὄνειδος
2440 1675 2558 1732 τοῖς
2605 1669 2911 1739 εύθηνοῦσι,
2958 1669 3047 1723 καὶ
3098 1663 3445 1737 ἐξουδένωσις
3481 1669 3596 1726 τοῖς

1957 1757 2340 1835 ὑπερηφάνοις.
2371 1778 2398 1811 ο
2429 1791 2498 1799 -
2522 1759 2927 1836 ’Δντιστραφείη
2959 1755 3238 1828 δηλονότι.

2521 1869 2814 1920 ΨΑΛΜΟΣ
2869 1866 3025 1920 ΡΚΓ’.

200 1956 367 2007 Τοῦτο
399 1950 589 2026 ἔλεγον
637 1948 910 2014 ὁδεύοντες
956 1952 1044 2006 καὶ
1101 1951 1502 2028 προκόπτοντες
1556 1954 1691 2026 μετά
1744 1973 1844 2007 πε·-
1874 1957 1922 2022 Β
2023 1975 2051 2003 ‹‹
2085 1952 2148 2006 Εἰ
2201 1954 2274 2025 μή
2328 1952 2409 2008 ὅτι
2460 1952 2657 2028 Κύριος
2705 1957 2770 2023 ἦν
2827 1954 2876 2008 ἐν
2927 1955 3093 2024 ἡμῖν,
3145 1950 3348 2006 εἰπάτω
3398 1948 3464 2019 δὴ
3499 1951 3598 2006 Ἰσ-

200 2039 501 2116 ριχαρείας,

270 2153 298 2180 ‹‹
357 2130 615 2192 Ἐστῶτες
678 2132 811 2198 ἦσαν
864 2130 915 2184 οἱ
961 2127 1125 2191 πόδες
1173 2133 1332 2202 ἡμῶν
1380 2129 1432 2184 ἐν
1476 2134 1594 2191 ταῖς
1650 2128 1841 2193 αύλαῖς

199 2239 314 2286 σου,
347 2216 730 2293 Ἰερουσαλήμ.
766 2242 794 2271 ››
831 2251 896 2260 -
931 2219 1286 2281 ’Δκούσαντες
1333 2217 1415 2273 ὅτι
1467 2219 1844 2293 πορευσόμεθα

230 2304 250 2327 ’1
325 2307 347 2326 Υ
495 2313 508 2328 ν
726 2307 740 2328 ν
799 2307 809 2328 7
1013 2307 1028 2327 9
1117 2309 1128 2327 1
1262 2307 1276 2327 Ἰ
1343 2309 1356 2328 ε
1634 2309 1650 2328 ς
1745 2309 1758 2330 f
1819 2309 1833 2330 ἴ

199 2326 274 2368 εις
294 2327 442 2361 οικον
475 2306 697 2384 Κυρίου,
723 2304 976 2380 εδοξαμεν
1010 2329 1221 2363 εσταναι
1259 2329 1310 2363 εν
1362 2307 1708 2384 Ιερουσαλημ
1740 2331 1842 2364 υπο

195 2402 296 2464 τῆς
323 2400 420 2450 τοῦ
449 2395 622 2460 πόθου
653 2394 1043 2474 σφοδρότητος.

269 2478 684 2560 «Ἰερουσαλὴμ
739 2483 1144 2559 ᾠκοδομημὲνη
1207 2486 1280 2548 ὡς
1339 2485 1524 2548 πόλις.
1583 2510 1610 2537 ››
1665 2520 1733 2528 -
1780 2489 1842 2543 Ἣ

196 2572 558 2648 Ἰερουσαλὴμ
618 2577 652 2643 ἡ
733 2571 902 2629 πάλαι
984 2574 1248 2646 οἰκήμασι
1311 2574 1602 2647 κτιζομένη
1661 2578 1842 2630 καθε-

196 2663 397 2732 κάστην
448 2661 598 2724 ἐντὸς
626 2662 717 2717 καὶ
765 2662 1246 2736 καταπυκνουμένη
1303 2663 1377 2726 ὡς
1427 2665 1543 2719 κατ’
1584 2663 1839 2736 ἀλήθειαν

133 2785 138 2790 -
195 2749 380 2813 πόλις.

268 2864 295 2891 ‹‹
328 2843 426 2901 Ἦς
476 2842 511 2910 ἡ
561 2841 770 2916 μετοχὴ
816 2840 984 2910 αὐτῆς
1033 2839 1120 2895 ἐπὶ
1164 2841 1226 2895 τὸ
1273 2839 1422 2895 αὐτό.
1457 2866 1486 2893 ››
1519 2875 1587 2882 -
1637 2843 1700 2897 Ἠ
1753 2842 1842 2896 Ἰε-

198 2925 491 3003 ρουσαλὴμ
545 2929 612 2997 ἧς
660 2930 728 2983 τὰ
786 2929 1068 3005 μετόχια,
1126 2930 1374 2984 τουτέστι
1443 2931 1510 2984 τὰ
1566 2931 1842 3004 οἰκήματα

196 3015 338 3090 ὁμοῦ
370 3015 690 3090 συνημμένα
721 3015 810 3071 διὰ
837 3019 935 3086 τήν
979 3015 1110 3093 ἄγαν
1141 3017 1473 3087 πυκνότητα.

265 3129 294 3158 ‹‹
326 3107 470 3160 Ἐκεῖ
497 3107 597 3181 γὰρ
631 3101 896 3176 ἀνέϐησαν
947 3107 1002 3160 αἱ
1043 3107 1210 3184 φυλαὶ
1257 3106 1422 3185 φυλαὶ
1468 3104 1666 3183 Κυρίου
1702 3127 1838 3183 μαρ-

193 3192 377 3270 τύριον
425 3215 505 3267 τῳ
551 3192 790 3269 Ἰσραήλ.
827 3217 855 3247 ››
886 3229 954 3236 -
985 3196 1130 3250 Ἐκεῖ
1173 3196 1278 3272 πρὸ
1325 3202 1424 3265 τῆς
1461 3193 1841 3271 αἰχμαλωσίας

188 3278 465 3339 ἀνέϐαινον
515 3283 605 3337 καὶ
651 3281 971 3358 ἠθροίζοντο
1027 3289 1191 3338 πᾶσαι
1245 3285 1300 3338 αἱ
1361 3283 1700 3357 ᾠκειωμέναι
1759 3289 1839 3357 τῷ

188 3371 374 3445 Κυρίῳ
432 3371 597 3450 φυλαὶ
652 3372 1043 3448 Ἰσραηλιτικαὶ
1076 3420 1091 3445 ,
1151 3375 1287 3428 κατά
1340 3373 1432 3428 τὸν
1502 3374 1683 3446 καιρὸν
1739 3379 1838 3428 τοῦ

189 3465 404 3536 Πάσχα,
433 3467 533 3530 τῆς
582 3462 959 3532 Πεντηκοστῆς
1015 3461 1106 3516 καὶ
1150 3469 1249 3531 τῆς
1299 3460 1703 3539 Σκηνοπηγίας·
1754 3460 1843 3517 διὰ

194 3549 488 3626 μαρτύριον
524 3596 540 3623 ,
597 3547 772 3604 εἷέουν
821 3549 962 3614 θείαν
1017 3550 1258 3606 κέλευσιν
1291 3593 1305 3619 ,
1366 3548 1737 3627 διωρισμένην
1765 3556 1842 3624 τῷ

193 3635 579 3714 Ἰσραηλιτικῷ
605 3635 744 3711 λάῳ.

267 3752 296 3780 (ι
331 3730 445 3785 Τοῦ
499 3725 1006 3802 ἐξομολογήσασθαι
1055 3732 1134 3800 τῷ
1186 3726 1411 3801 ὀνόματι
1456 3729 1678 3803 Κυρίου.
1713 3754 1740 3782 ››
1772 3764 1840 3772 -

191 3815 318 3872 Ἐπὶ
367 3819 448 3888 τῷ
497 3815 884 3891 εὗχαριστῆσαι
941 3814 1029 3870 διὰ
1073 3823 1175 3886 τῆς
1213 3819 1713 3892 νενομοθετημένης
1739 3819 1836 3875 λα-

187 3903 390 3981 τρείας.
755 3943 760 3948 ρ

268 4017 297 4046 ‹‹
329 3995 451 4048 Ὅτι
497 3992 609 4047 ἐκεῖ
665 3992 910 4056 ἐκάθισαν
988 3993 1170 4069 θρόνοι
1227 3996 1403 4071 κρίσιν
1439 4040 1453 4066 ,
1513 3995 1694 4072 θρόνοι
1751 3992 1839 4050 ἐπὶ

191 4081 340 4136 οἶκον
389 4079 574 4138 Δαυίδ.
608 4107 637 4135 ››
671 4115 742 4123 -
787 4083 871 4137 Ἐν
917 4083 1282 4159 Ἰερουσαλὴμ
1337 4081 1662 4159 ἱδρύνθησαν
1711 4083 1835 4158 θρό-

185 4190 268 4225 νοι
305 4169 582 4247 βασιλικοὶ
614 4169 691 4233 εἰς
744 4172 807 4226 τὸ
857 4171 1060 4248 κρίνειν
1087 4173 1150 4227 τὸ
1179 4171 1398 4249 Ἰσραὴλ
1431 4169 1552 4237 ἔνθα
1580 4176 1712 4242 ἦσαν
1741 4178 1837 4228 τοῦ

186 4257 356 4315 Δαυΐδ
379 4259 447 4315 τὰ
474 4259 763 4336 ἀνάκτορα.

261 4373 292 4401 ‹‹
324 4351 670 4424 Ἐρωτήσατε
726 4345 794 4418 δὴ
848 4351 917 4404 τὰ
975 4348 1050 4412 εἰς
1101 4349 1324 4427 εἷ’ρήνην
1354 4353 1422 4424 τῇ
1455 4349 1833 4425 Ἰερουσαλήμο

183 4438 276 4492 καὶ
335 4436 554 4507 εύθηνία
609 4442 724 4498 τοῖς
771 4437 1017 4514 ἀγαπῶσί
1063 4459 1139 4493 σε.
1174 4463 1202 4491 ››
1234 4471 1303 4481 -
1357 4435 1837 4516 Προσαγορεύσατε

183 4523 253 4596 δὴ
312 4527 412 4596 τήν
460 4525 825 4602 Ἰερουσαλὴμ
867 4526 934 4581 τὰ
976 4525 1223 4602 εἰρηνικᾶ
1269 4573 1282 4600 ,
1332 4529 1604 4582 τουτέστιν
1653 4524 1836 4584 εἴπατε

181 4613 348 4688 αὐτῇ,
381 4613 586 4689 Εἰρήνη
641 4634 746 4685 σοι,
795 4613 884 4668 καὶ
938 4614 1196 4692 εὐπραγία
1244 4617 1321 4689 μή
1377 4615 1538 4689 μόνον
1583 4621 1699 4678 τοῖς
1739 4637 1836 4671 πο-

184 4701 366 4766 λίταις
399 4723 516 4774 σου,
571 4700 717 4758 ἀλλά
761 4703 850 4757 καὶ
899 4705 1005 4759 ἀπὸ
1041 4709 1150 4760 τῶν
1195 4706 1346 4782 πέριξ
1398 4705 1563 4769 ἐθνῶν
1611 4711 1728 4768 τοῖς
1761 4705 1835 4760 εἰ·
1865 4695 1912 4761 D

184 4793 361 4868 ρήνην
421 4787 609 4867 ἔχουσι
670 4792 804 4864 μετᾶ
857 4797 953 4847 σοῦ
986 4835 1000 4850 .
1057 4798 1231 4849 Ταῦτα
1290 4792 1346 4848 δέ
1391 4793 1564 4850 πάντα
1617 4815 1834 4872 προφη-

176 4902 344 4938 τειαι.

259 4994 290 5023 ιι
321 4970 554 5024 Γενέσθω
588 4965 653 5038 δὴ
706 4967 896 5045 εἰρήνη
947 4969 998 5024 ἐν
1047 4975 1116 5045 τῇ
1169 4969 1390 5045 δυνάμει
1423 4993 1539 5030 σου.
1574 4996 1603 5024 ››
1629 5006 1697 5014 -—
1730 4973 1830 5027 Δύ-

177 5079 344 5132 ναμιν
398 5057 548 5132 λέγει
602 5055 730 5119 τοὺς
790 5060 1161 5134 στρατιώτας,
1221 5063 1304 5123 οἷς
1356 5060 1574 5135 εἰρήνην
1628 5063 1692 5117 τὸ
1754 5064 1828 5136 μή

176 5144 329 5222 ἔχειν
361 5144 654 5219 πολέμιον.

254 5259 284 5286 ‹‹
317 5235 415 5290 Καὶ
466 5234 686 5304 εὐθηνία
730 5233 782 5289 ἐν
833 5239 953 5297 ταῖς
1002 5233 1364 5313 πυργοϐάρεσί
1413 5259 1528 5297 σου.
1562 5259 1588 5291 η
1624 5272 1692 5280 —
1730 5239 1830 5294 Εύ-

175 5325 390 5399 πραγία
417 5324 506 5379 καὶ
538 5322 778 5386 πλοῦτος
798 5329 905 5379 τῶν
938 5325 1316 5403 πυργωμάτων
1345 5330 1379 5397 ἡ
1416 5327 1711 5404 ὀχυρότης.

253 5437 282 5466 ‹‹
331 5419 523 5468 ’Ένεκα
577 5417 685 5467 τῶν
757 5411 1004 5490 ἀδελφῶν
1073 5437 1176 5488 μου
1249 5416 1340 5470 καὶ
1395 5420 1501 5471 τῶν
1580 5417 1828 5486 πλησίων

176 5523 288 5574 μου
345 5502 579 5558 ἐλάλουν
637 5499 703 5570 δὴ
765 5500 986 5577 εἰρήνην
1043 5505 1166 5579 περὶ
1224 5510 1340 5561 σοῦ.
1393 5529 1519 5558 ››-
1563 5508 1620 5560 '0
1665 5505 1826 5562 Δαυΐδ

169 5612 312 5668 φησι
371 5591 506 5667 πρὸς
576 5591 675 5659 τὴν
743 5588 1106 5665 Ἰερουσαλὴμ
1178 5592 1260 5647 ὅτι
1322 5596 1419 5647 Διά
1474 5594 1601 5656 τοὺς
1663 5595 1824 5668 ὁμο-

166 5686 347 5755 γενεῖς
412 5702 516 5753 μου
573 5678 914 5753 Ἰσραηλίτας
971 5681 1235 5756 ηὐχόμην
1295 5683 1518 5756 εἰρήνην
1583 5684 1634 5738 ἐν
1691 5686 1821 5758 σοὶ,

164 5768 265 5823 καὶ
313 5765 402 5823 διὰ
447 5768 538 5824 τὸν
599 5768 650 5822 ἐν
693 5767 776 5821 σοὶ
826 5769 946 5823 ναὸν
994 5774 1091 5824 τοῦ
1138 5774 1272 5825 Θεοῦ
1321 5769 1659 5847 ἐξῃτησάμην
1714 5771 1822 5828 ἰκε-

1953 2039 2116 2117 ραήλ’
2151 2042 2196 2096 εἰ
2231 2043 2306 2114 μή
2340 2040 2421 2096 ὅτι
2456 2041 2648 2114 Κύριος
2686 2043 2752 2111 ἦν
2789 2043 2839 2097 ἐν
2880 2045 3013 2114 ἡμῖν
3047 2042 3098 2096 ἐν
3128 2045 3208 2113 τῷ
3237 2041 3595 2108 ἐπαναστῆναι

1953 2131 2265 2206 ἀνθρώπους
2312 2131 2392 2209 ἐφ’
2439 2134 2610 2204 ἡμᾶς.
2646 2153 2669 2184 ι
2704 2165 2771 2173 —-
2820 2133 3000 2187 Ταῦτα
3046 2127 3155 2199 ἤδη
3203 2128 3597 2184 ἐπανελθόντων

1953 2220 2029 2282 εἰς
2055 2221 2155 2289 τήν
2181 2217 2414 2295 πατρίδα
2441 2222 2509 2274 τά
2547 2220 2784 2296 ῥήματα,
2825 2218 2913 2274 ὅτε
2954 2221 3022 2273 τά
3065 2217 3436 2293 πλησιόχωρα
3472 2214 3594 2287 ἔθνη

1951 2307 2135 2386 φθόνῳ
2218 2308 2512 2382 κινούμενα
2595 2307 3014 2386 ἐπεστράτευσαν
3096 2307 3278 2368 αὐτοῖς
3332 2353 3346 2379 ,
3429 2307 3597 2379 μήπω

1949 2397 2254 2469 κτισθείσης
2284 2405 2386 2467 τῆς
2416 2398 2730 2472 Ἱερουσαλή
2743 2421 2800 2470 μ.

2026 2511 2048 2538 ιι
2083 2487 2219 2554 Ἀρα
2246 2487 2309 2541 τὸ
2340 2485 2484 2563 ὕδωρ
2533 2486 2594 2541 ἃν
2644 2486 3014 2542 κατεπόντισεν
3044 2489 3214 2559 ἡμᾶς.
3253 2510 3274 2536 ι
3309 2519 3377 2527 —
3413 2481 3593 2560 Ὕδωρ

1951 2574 2098 2651 λέγει
2127 2577 2226 2645 τὴν
2262 2575 2438 2652 ῥύμην
2471 2575 2644 2631 αὐτῶν
2674 2576 2764 2631 καὶ
2797 2573 3029 2654 σφοδράν
3057 2575 3288 2646 κίνησιν.

2025 2690 2046 2716 ιι
2080 2664 2385 2742 Χείμαρρον
2445 2663 2662 2734 διῆλθεν
2722 2667 2756 2735 ἡ
2817 2668 2971 2741 ψυχὴ
3032 2667 3217 2737 ἡμῶν.
3275 2688 3306 2717 ››
3364 2696 3432 2705 --
3486 2661 3592 2730 Τὴν

1949 2750 2174 2808 ἄτακτον
2203 2754 2369 2832 φορὰν
2403 2753 2574 2808 αὐτῶν
2609 2752 2957 2831 διεφύγομεν.

2023 2865 2051 2895 ‹‹
2083 2844 2222 2918 Ἀρα
2253 2840 2473 2912 διῆλθεν
2506 2845 2541 2911 ἡ
2591 2844 2743 2918 ψυχὴ
2795 2845 2953 2915 ἡμῶν
3000 2843 3063 2898 τὸ
3111 2840 3258 2918 ὕδωρ
3288 2843 3350 2897 τὸ
3397 2840 3598 2896 ἀνυπό-

1948 2952 2160 2989 στατον,
2210 2956 2238 2983 ››
2287 2965 2356 2973 —
2402 2933 2608 2994 Ὀντως
2664 2929 2982 3010 διεφύγομεν
3037 2933 3136 3000 τὴν
3186 2931 3363 3009 ῥύμην
3395 2929 3593 3003 αὐτῶν,

1944 3021 2045 3089 τήν
2072 3019 2461 3078 ἀνυπόστατον.

2019 3133 2047 3160 ι(
2078 3110 2139 3164 Ἡ
2169 3109 2327 3185 παγὶς
2377 3104 2688 3184 συνετρίϐη,
2738 3111 2827 3164 καὶ
2855 3113 3019 3184 ἡμεῖς
3072 3109 3430 3186 ἐρῥύσθημεν.
3468 3133 3488 3161 η
3523 3143 3592 3152 ——

1947 3195 2159 3272 Παγίδα
2191 3196 2334 3274 λέγει
2365 3200 2461 3261 τὰς
2488 3197 2702 3274 ἐνέδρας
2722 3198 2810 3253 καὶ
2846 3199 3117 3274 μηχανάς.

2020 3288 2136 3342 «Ἡ
2169 3288 2395 3363 βοήθεια
2420 3291 2580 3360 ἡμῶν
2631 3286 2683 3342 ἐν
2747 3287 2974 3361 ὀνόματι
3023 3287 3241 3364 Κυρίου,
3288 3292 3386 3343 τοῦ
3431 3289 3594 3358 ποιή-

1948 3397 2134 3439 σαντος
2182 3377 2275 3431 τὸν
2322 3376 2546 3453 οὐρανὸν
2589 3378 2680 3431 καὶ
2724 3378 2823 3446 τήν
2873 3384 2998 3453 γῆν.
3051 3401 3078 3428 ››
3127 3410 3196 3419 --
3243 3377 3359 3453 Θύχ
3397 3376 3592 3439 ὅπλοις

1951 3459 2380 3540 ἐϐοηθήθημεν,
2458 3463 2607 3520 ἀλλά
2679 3469 2747 3540 τῇ
2820 3465 3104 3536 ἐπικλήσει
3182 3471 3278 3521 106
3334 3465 3595 3537 ἀληθινοῦ

1951 3559 2104 3613 Θεοῦ.

2516 3647 2810 3699 ΨΑΛΜΟΣ
2870 3651 3027 3700 ΡΚΔ’.

2019 3755 2048 3783 ‹‹
2080 3732 2142 3785 Οἱ
2189 3731 2510 3796 πεποιθότες
2571 3731 2658 3787 ἐπὶ
2707 3732 2902 3809 Κύριον
2954 3734 3028 3796 ὡς
3071 3729 3197 3808 ὅρος
3248 3734 3414 3791 Σιών.
3471 3757 3492 3784 ι
3526 3767 3596 3776 -

1948 3821 2034 3883 Ὡς
2057 3821 2120 3876 τὸ
2150 3816 2278 3897 ὅρος
2326 3821 2467 3876 Σιὼν
2515 3820 2871 3898 ὑπάρχουσιν,
2907 3823 3167 3902 ἀσφαλεῖς
3218 3820 3473 3892 δηλονότι
3501 3823 3592 3877 καὶ

1949 3909 2352 3986 ἀπερίτρεπτοι.

2025 4021 2046 4050 ι
2105 3998 2178 4054 Οὐ
2237 3997 2621 4070 σαλευθήσεται
2698 3999 2772 4062 εἰς
2843 4001 2934 4055 τὸν
3006 4000 3172 4055 αἰῶνα
3230 4001 3258 4055 6
3331 4004 3595 4056 κατοικῶν

1945 4087 2328 4165 Ἰερουσαλήμ.
2381 4112 2409 4139 ››
2455 4122 2525 4130 -
2572 4087 2645 4142 Οὐ
2692 4091 3151 4166 περιτραπήσεται
3197 4096 3304 4151 πᾶς
3351 4091 3379 4144 6
3410 4111 3595 4144 κατοι-

1944 4181 2053 4232 κῶν
2110 4176 2162 4231 ἐν
2239 4175 2603 4254 Ἱερουσαλὴμ
2673 4180 2800 4254 παρ’
2872 4177 3002 4234 ὅλον
3065 4178 3440 4256 ἀφωρισμένον
3513 4178 3594 4232 αἰ-

1945 4287 2076 4324 ωνα.

2015 4379 2045 4408 ‹‹
2077 4356 2212 4432 Ὀρη
2271 4355 2462 4429 κύκλῳ
2518 4355 2709 4426 αὐτῆς*
2765 4358 2855 4412 καὶ
2913 4358 2942 4412 6
2999 4356 3193 4433 Κύριος
3249 4354 3436 4429 κύκλῳ
3490 4359 3587 4410 106

1945 4443 2080 4499 λαοῦ
2118 4444 2281 4499 αὐτοῦ
2327 4445 2430 4499 ἀπὸ
2480 4449 2576 4499 τοῦ
2622 4448 2712 4499 νῦν
2761 4446 2849 4500 καὶ
2900 4442 3002 4508 ἕως
3046 4450 3143 4500 τοῦ
3186 4445 3405 4507 αἰῶνος.
3457 4469 3485 4496 ››
3516 4478 3586 4486 -

1941 4535 2096 4610 Ἔχει
2133 4534 2225 4608 μὲν
2257 4533 2346 4588 καὶ
2388 4534 2487 4602 τήν
2539 4535 2642 4598 ἀπὸ
2686 4539 2793 4588 τῶν
2844 4535 2995 4610 πέριξ
3047 4533 3214 4611 ὀρέων
3265 4532 3580 4612 ἀσφάλειαν,

1942 4619 1968 4643 ,Ι
2089 4620 2137 4677 δῖ
2256 4622 2272 4644 \
2301 4623 2361 4657 ’ἴ
2442 4622 2456 4642 Ί
2514 4621 2528 4640 \
2671 4627 2698 4638 n—

1942 4643 2059 4698 εχει
2123 4643 2146 4677 ε
2183 4643 2272 4677 και
2313 4643 2399 4691 ιην
2432 4643 2537 4676 απο
2569 4629 2702 4678 Θεου
2733 4620 3002 4702 φυλακήν.

2012 4714 2130 4766 ’Ότι
2188 4711 2287 4766 οὐκ
2343 4711 2539 4789 ἀφήσει
2599 4710 2795 4787 Κύριος
2845 4712 2942 4780 τὴν
3004 4708 3200 4788 ῥάϐδον
3247 4716 3352 4767 τῶν
3405 4714 3585 4788 ἀμαρ-

1940 4800 2134 4856 τωλῶν
2170 4799 2256 4855 ἐπὶ
2304 4801 2394 4854 τὸν
2445 4798 2650 4872 κλῆρον
2697 4805 2804 4856 τῶν
2848 4799 3091 4858 δικαίων.
3131 4825 3158 4852 ››
3189 4835 3257 4843 —
3286 4801 3464 4859 Αἰτίαν
3496 4799 3587 4856 λέ-

1939 4910 2020 4964 γει
2066 4897 2168 4960 τῆς
2215 4889 2276 4944 ἐκ
2347 4893 2480 4944 Θεοῦ
2539 4887 2784 4966 φυλακῆς
2821 4907 2835 4923 ⁸
2896 4889 3260 4964 ἁμαρτωλοὺς
3341 4888 3396 4946 δέ
3453 4912 3586 4968 φησι

1938 4976 2065 5039 τοὺς
2089 4972 2299 5040 ἀσεϐεῖς
2354 4977 2443 5032 καὶ
2491 4977 2842 5052 παρανόμους
2894 4978 3079 5033 ὁποῖοί
3128 4978 3229 5033 εἶσι
3271 4980 3503 5056 πρώτως
3534 4979 3586 5034 οἱ

1941 5063 2214 5139 δαίμονες·
2252 5061 2447 5142 ῥάϐδον
2477 5063 2536 5120 δέ
2562 5068 2661 5135 τήν
2694 5065 2968 5142 βασιλείαν
3001 5067 3035 5136 ἢ
3063 5069 3129 5120 τὰ
3149 5065 3312 5122 ὅπλα·
3342 5065 3583 5131 δικαίους

1941 5151 1998 5208 δέ
2026 5154 2155 5217 τοὺς
2185 5154 2238 5210 ἐν
2267 5155 2421 5228 νόμῳ
2447 5156 2713 5230 βιοῦντας.

2011 5268 2039 5295 ‹‹
2069 5243 2252 5307 Ὃπως
2297 5243 2356 5298 ἂν
2412 5245 2486 5318 μή
2543 5243 2844 5298 ἐκτείνωσιν
2893 5245 2947 5298 οἱ
2989 5242 3186 5301 δίκαιοι
3233 5245 3285 5300 ἐν
3333 5245 3584 5319 ἀνομίαις

1936 5337 2126 5409 χεῖρας
2177 5332 2371 5388 αὐτῶν.
2406 5353 2433 5386 η
2467 5366 2536 5374 —
2565 5335 2683 5387 Ἵνα
2727 5333 2986 5403 τοιαύτης
3031 5334 3395 5398 ἀπολαύοντες
3440 5337 3587 5409 παρά

1937 5424 2070 5476 Θεοῦ
2155 5421 2403 5498 φυλακῆς
2485 5423 2558 5494 μὴ
2638 5423 2877 5495 ἅψωνται
2964 5423 3304 5497 παρανομίας
3363 5471 3378 5496 ,
3439 5423 3584 5478 ἀλλά

1937 5510 2270 5586 θεραπεύωσι
2301 5511 2392 5565 τὸν
2426 5509 2729 5586 εὐεργέτην.

2013 5622 2034 5651 ι
2069 5599 2377 5674 Ἀγάθυνον,
2427 5598 2609 5672 Κύριε,
2656 5605 2773 5660 τοῖς
2823 5600 3039 5676 ἀγαθοῖς
3095 5605 3184 5657 καὶ
3230 5607 3345 5664 τοῖς
3405 5601 3578 5657 εύθέσι

1932 5691 2001 5761 τῇ
2032 5685 2244 5762 καρδίᾳ.
2275 5720 2343 5730 -
2374 5689 2578 5761 Ἀγαθᾶ
2607 5687 2852 5759 ποίησον,

2005 5801 2033 5828 (ι
2066 5774 2199 5838 Τοὺς
2258 5772 2315 5830 δέ
2368 5773 2710 5839 ἐκκλίνοντας
2761 5777 2836 5840 εἱς
2882 5779 2978 5842 τὰς
3031 5778 3387 5857 πραγγαλιάς
3441 5779 3580 5836 ἀπά-
