3998 6446
195 455 349 522 1597

1403 451 1817 516 EXPOSITIO
1858 449 1937 513 IN
1981 447 2370 513 PSALMOS.

3428 437 3586 505 1598

192 611 286 654 τος
331 586 476 667 παρὰ
501 590 607 646 τῶν
649 580 1060 664 πλησιοχώρων
1113 583 1298 649 ἐθνῶν.
1331 585 1574 656 Νεότητα
1621 582 1677 640 δὲ
1737 581 1832 638 λέω
1861 585 1914 652 Α
1944 579 2032 638 διὰ
2086 586 2184 638 τοῦ
2241 581 2432 654 εἰπεῖν,
2465 604 2495 634 ‹‹
2527 577 2663 634 Ἀπὸ
2714 571 2960 667 φυλακῆς
3020 570 3229 667 πρωίας
3292 571 3458 651 μέχρι
3486 594 3584 667 νυτ-

195 700 278 756 γει
303 680 402 748 τὴν
433 678 612 754 ἀρχὴν
640 683 740 747 τῆς
771 677 876 731 ἀπὸ
906 671 1233 737 Βαϐυλῶνος
1261 672 1543 730 ἐπανόδου.

267 767 548 822 «Εἰπάτω
603 765 670 835 δὴ
719 764 959 842 Ἰσραήλ.
1024 789 1050 815 ››
1111 797 1180 807 -
1224 763 1445 818 Είπάτω
1505 761 1828 839 διαρρήδην,

195 855 344 919 ὅπως
397 860 560 931 γνῶσι
615 853 808 917 πάντες
877 853 965 931 ἀφ’
1023 851 1150 907 ο⁹ίων
1237 850 1498 908 κινδύνων
1574 851 1832 928 ἐρῥύσατο

194 949 344 1020 ἡμᾶς
376 946 405 1000 6
434 944 584 1006 Θεός.

274 1059 296 1087 ι
328 1034 429 1090 Καὶ
473 1033 576 1109 γὰρ
633 1032 732 1088 οὐκ
775 1029 1121 1102 ἧδυνήθησάν
1175 1051 1290 1104 μοι.
1335 1053 1356 1081 ι
1407 1061 1475 1072 -
1521 1028 1630 1083 Οὐκ
1686 1027 1838 1104 ἰσχυ-

195 1145 287 1180 σαν
322 1122 373 1179 ἐν
408 1122 552 1197 ἐμοί.

267 1237 296 1265 ‹‹
327 1213 449 1267 Ἐπὶ
477 1215 574 1267 τοῦ
602 1211 778 1266 νώτου
823 1230 927 1283 μου
978 1208 1272 1264 ἐτέκταινον
1322 1209 1375 1262 οἱ
1431 1207 1772 1284 ἁμαρτωλοί.
1803 1231 1832 1260 ››

194 1301 365 1356 -Οὐ
419 1301 581 1374 μόνον
640 1303 903 1376 φανερῶς,
944 1297 1090 1352 ἀλλά
1146 1294 1236 1352 καί
1291 1295 1502 1375 ἀφανῶς
1555 1295 1836 1352 κατεσκεύ-

195 1394 321 1460 αζον
355 1390 608 1465 μηχανὰς
638 1387 728 1442 καὶ
760 1381 1056 1448 ἐπιϐουλὰς
1077 1385 1161 1442 ἐπ’
1193 1385 1338 1458 ἐμοί.

265 1503 295 1530 ‹‹
328 1477 661 1554 Ἐμάκρυναν
720 1476 818 1545 τὴν
878 1475 1107 1549 ἀνομίαν
1164 1474 1363 1531 αὐτῶν.
1397 1497 1426 1525 ›)
1457 1506 1526 1516 -
1558 1473 1679 1528 Ἐπὶ
1733 1495 1836 1546 μα-

195 1568 323 1643 κρὸν
357 1565 556 1642 χρόνον
587 1563 891 1638 ἐπολέμουν
925 1585 1038 1638 μοι.

271 1682 299 1709 ‹‹
333 1656 529 1732 Κύριος
579 1653 784 1716 δίκαιος
839 1655 1126 1728 συνέκοψεν
1154 1653 1386 1729 αὐχένας
1418 1652 1778 1729 ἁμαρτωλῶν.
1808 1677 1838 1704 ››

199 1778 269 1789 --
309 1740 584 1800 Κατέϐαλε
629 1744 728 1812 τὴν
771 1743 1094 1818 ὑψαυχενίαν
1125 1747 1232 1798 τῶν
1281 1739 1480 1804 ἀδίκως
1525 1741 1838 1816 πολεμούν-

197 1855 305 1890 των
333 1832 804 1909 ἐπικρατεστέρους
837 1833 1071 1903 ποιήσας
1101 1834 1271 1905 ἡμᾶς.

1941 673 2087 736 κτόςο
2124 695 2152 724 ››
2183 669 2322 742 ὅλης
2379 667 2658 741 δηλονότι,
2715 667 2805 722 καὶ
2856 664 3019 722 πάλιν
3079 663 3427 742 ἐπαναγαγεῖν
3479 663 3585 718 ἀπὸ

1941 759 2188 839 φυλακῆς
2217 759 2424 837 πρωίας
2455 761 2544 814 καὶ
2576 757 2650 821 είς
2679 758 2740 811 τὸ
2767 757 2888 828 ἑξῆς
2923 752 3161 825 δηλαδή.

2015 875 2043 904 ις
2071 853 2191 906 Ὅτι
2220 849 2474 926 παράτῷ
2504 848 2683 924 Κυρίῳ
2730 849 2792 902 τὸ
2841 844 2994 907 ἔλεος
3047 845 3138 899 καὶ
3193 842 3382 912 πολλὴ
3441 863 3581 918 παρ-

1943 940 2089 1012 αὐτῷ
2135 938 2425 1017 λύτρωσις.
2465 962 2493 989 ››
2524 969 2592 981 —-
2632 938 2794 1012 11ηγή
2847 936 2950 1012 γὰρ
3009 935 3165 996 οὗτος
3209 933 3442 1010 ὑπάρχει
3493 932 3588 988 λυ-

1941 1030 2216 1105 τρώσεως.

2016 1145 2045 1172 ‹‹
2076 1119 2176 1173 Καὶ
2233 1117 2393 1180 αὐτὸς
2451 1116 2782 1192 λυτρώσεται
2837 1115 2928 1168 τὸν
2977 1109 3194 1191 Ἰσραὴλ
3272 1111 3332 1168 ἐκ
3402 1113 3588 1166 πασῶν

1943 1213 2050 1264 τῶν
2099 1207 2342 1281 ἀνομιῶν
2392 1206 2590 1262 αὐτῶν.
2647 1230 2670 1256 ι
2725 1237 2794 1247 --
2831 1200 2997 1278 Είίπερ
3049 1202 3078 1257 6
3125 1198 3343 1282 Ἰσραὴλ
3398 1200 3476 1264 εἰς
3523 1201 3588 1256 τὸ

1946 1297 2070 1369 ἑξῆς
2101 1296 2355 1374 εὖαρεσ-τή
2365 1317 2464 1352 σει.

2537 1405 2830 1459 ΨΑΛΜΟΣ
2871 1401 2990 1457 PA'.

2019 1518 2046 1546 ‹‹
2080 1493 2262 1568 Κύριε,
2303 1493 2410 1568 οὐχ
2466 1493 2653 1567 ὑψώθη
2687 1493 2722 1560 ἡ
2773 1486 2966 1567 καρδία
3019 1510 3144 1563 μου.
3180 1512 3208 1540 ››
3238 1520 3308 1532 —-
3358 1483 3615 1542 Σπεύδει⁴

1948 1585 1976 1639 6
2003 1581 2221 1657 ψαλμὸς
2259 1583 2334 1654 μὴ
2365 1580 2697 1656 ἐπαίρεσθαι.

2019 1697 2048 1725 ‹‹
2079 1669 2215 1726 Οὐδέ
2265 1668 2729 1746 ἐμετεωρίσθησαν
2788 1669 2840 1724 οἱ
2906 1664 3183 1746 ὀφθαλμοί
3263 1686 3389 1740 μου.
3439 1688 3466 1716 ››
3520 1696 3591 1708 --

1948 1761 2058 1817 Οὐκ
2085 1761 2356 1816 ἀνέσπασα
2380 1760 2478 1821 τὰς
2513 1758 2682 1836 ὀφρῦς
2713 1757 2764 1828 ἐξ
2797 1756 3183 1834 ὑπερηφανίας.

2024 1876 2046 1903 ιι
2075 1847 2211 1906 Οὐδὲ
2239 1848 2533 1922 ἐπορεύθην
2575 1847 2626 1903 ἐν
2681 1847 2941 1922 μεγάλοις
2987 1843 3112 1900 οὐδὲ
3162 1845 3214 1900 ἐν
3272 1843 3591 1918 Θαυμασίοις

273 1948 300 2016 (ξ
333 1923 784 2016 Αἴσχννθήτωξταν
869 1920 958 1976 καὶ
1040 1920 1537 2016 ἀποσγραφήτωσξκν
1613 1919 1689 2016 είς
1771 1922 1838 2016 τᾲ
1870 1941 2080 2016 Βὺπέρ
2138 1937 2256 2013 ἐμέ.
2299 1919 2349 1989 »γ
2406 1971 2446 1980 -
2493 1935 2629 1992 Οὐδὲ
2679 1919 2796 1999 τοῗς
2854 1933 3090 2006 ἐνδόξοις
3147 1934 3236 1989 καὶ
3293 1934 3589 2006 ἀξιωματι-

200 2012 375 2067 δπίσω
424 2011 614 2073 πάντες
661 2011 714 2065 οἱ
765 2015 1042 2085 μισοῦντες
1095 2010 1259 2065 Σιών·
1296 2033 1323 2098 θ’
1357 2043 1437 2098 -Ῠ
1469 2008 1727 2098 ῗΑρμόζει
1773 2011 1840 2064 τὰ
1870 2008 1915 2016 Π
1948 2008 2086 2096 κοῖς,
2219 2032 2336 2089 τοῖς
2387 2026 2474 2080 ἐπὶ
2521 2023 2746 2098 πλούτῳ
2793 2021 3242 2098 θαυμαζομένοις,
3292 2020 3593 2094 ἐπεθύμουν

197 2105 294 2156 τοῦ
325 2099 570 2174 ψαλμοῦ,
601 2099 690 2155 καὶ
737 2101 860 2175 περὶ
916 2106 1017 2170 τῆς
1051 2097 1370 2170 Ἐκκλησίας
1427 2096 1677 2172 λέγεσθαι
1733 2103 1842 2154 τῶν
1949 2115 2481 2194 συναναστρέφεσθαι,
2531 2119 2645 2176 τοῖς
2719 2096 2849 2188 ὗπὶρ
2900 2096 3012 2187 ἐμὲ
3045 2096 3228 2180 ἰοῦσιν,
3277 2111 3314 2180 ἢ
3371 2114 3592 2184 νομιζο-

198 2193 426 2247 πιστῶν.

274 2302 303 2332 ‹‹
335 2280 715 2350 Γενηθήτωσαν
747 2279 876 2332 ὡσεὶ
923 2276 1124 2353 χόρτος
1156 2276 1444 2351 δωμάτων.
1479 2302 1508 2330 ››
1543 2311 1614 2322 --
1659 2277 1843 2352 Εὐμα-

205 2366 532 2442 ραντότατος
559 2367 661 2444 γὰρ
693 2366 868 2429 οὗτος.

281 2481 309 2508 ‹‹
341 2457 414 2511 Οῦ
472 2456 571 2511 οὐκ
626 2453 917 2530 ἐπλήρωσε
969 2456 1067 2524 τήν
1126 2459 1288 2531 χεῖρα
1340 2454 1504 2511 αὐτοῦ
1541 2457 1570 2511 ὁ
1601 2455 1848 2531 θερίζων,

209 2545 300 2600 καὶ
354 2543 446 2601 τὸν
501 2543 708 2600 κόλπον
766 2542 930 2600 αὺτοῦ
968 2546 996 2600 6
1023 2543 1091 2600 τὰ
1146 2543 1430 2620 δράγματα
1485 2542 1784 2621 συλλέγων.
1817 2566 1845 2595 »

209 2640 506 2711 -’Ήγουν
560 2634 619 2689 ὃν
675 2633 775 2688 οὐκ
832 2632 1034 2709 ἐθέρισέ
1089 2653 1173 2696 τις
1227 2633 1302 2696 ὡς
1385 2632 1848 2713 προδσταφθαρθέν-

206 2743 292 2778 τα.

271 2835 301 2864 ‹‹
333 2811 430 2866 Καὶ
487 2809 585 2866 οὐκ
643 2810 790 2865 εἶπον
847 2811 900 2865 οἱ
949 2809 1284 2887 παράγοντες
1339 2808 1582 2888 Εὐλογία
1641 2811 1843 2889 Κυρίου

202 2899 282 2980 ἐφ’
341 2902 501 2973 ὑμᾶς.
537 2924 566 2951 ››
608 2934 678 2944 -
735 2900 834 2955 Καὶ
895 2899 977 2978 ἐφ’
1019 2901 1081 2956 οῦ
1128 2900 1331 2976 χόρτου
1389 2901 1487 2956 οὐκ
1543 2901 1840 2979 εὐλόγησαν

196 2989 323 3052 τοὺς
352 2990 655 3066 θερίζοντας
685 2990 738 3043 οἱ
776 2987 1186 3064 παροδεύοντες,
1221 2989 1295 3052 ὡς
1343 2988 1460 3053 ἔθος
1509 2990 1562 3045 ἐν
1619 2995 1699 3063 τῷ
1757 3003 1842 3056 θε-

198 3083 398 3154 ρισμῷ,
420 3083 517 3133 τοῦ
547 3078 764 3152 ὡρίμου
794 3078 999 3154 χόρτου
1028 3077 1116 3132 γαὶ
1147 3079 1518 3156 καρποφόρου.

265 3192 293 3219 ‹‹
326 3165 718 3242 Εὐλογήκαμεν
752 3166 890 3239 ὑμᾷς
930 3166 981 3221 ἐν
1042 3165 1268 3240 ὀνόματι
1323 3167 1548 3242 Κυρίου.
1581 3191 1610 3220 ›)
1640 3201 1710 3211 --
1741 3170 1837 3225 Καὶ

191 3255 346 3318 οὗτος
395 3259 502 3310 τῶν
551 3252 957 3328 παροδευόντων
991 3256 1020 3310 6
1070 3255 1254 3331 λόγος,
1305 3255 1614 3332 Ἐὐλογίαν,
1648 3257 1834 3334 λεγόν-

187 3365 314 3417 των,
371 3345 667 3420 ᾐνιξάμεθα
724 3345 851 3414 ὑμῖν
910 3343 962 3398 ἐν
1011 3348 1090 3416 τῷ
1172 3342 1540 3410 ἐπικαλεῖσθαι
1600 3347 1690 3401 τὸν
1739 3347 1837 3402 Κύ⁶

193 3453 330 3510 ριον.

761 3546 1056 3596 ΨΑΛΜΟΣ
1097 3543 1256 3599 ΡΚΘ’.

263 3648 414 3702 «Ἐκ
471 3646 672 3723 βαθέων
734 3645 989 3723 ἐκέκραξά
1046 3669 1156 3716 σοι,
1216 3646 1397 3722 Κύριε,
1454 3651 1638 3725 Κύριε,
1689 3649 1830 3704 εἰσά-

188 3756 382 3790 κουσον
411 3738 509 3804 τῆς
542 3738 726 3812 φωνῆς
762 3757 886 3808 μου.
928 3760 949 3786 η
983 3769 1052 3778 —
1081 3737 1174 3791 Ἐκ
1215 3735 1410 3812 βάθους
1459 3735 1703 3814 καρδίας,
1736 3740 1836 3796 οὐκ

189 3825 241 3897 ἐξ
273 3820 449 3898 ἄκρων
483 3823 735 3900 χειλέων.

265 3937 286 3966 ι
325 3913 446 3968 Ἐὰν
518 3913 749 3987 ἀνομίας
823 3915 1233 3990 παρατηρήσῃς,
1293 3915 1473 3990 Κύριε,
1549 3916 1633 3978 τίς
1699 3917 1830 3971 ὑπο-

189 4004 480 4073 στήσεται;
527 4026 548 4054 ι
611 4034 680 4045 -
735 4002 854 4057 Ἐὰν
914 4003 1143 4076 ἀνομίας
1199 4003 1371 4066 πάσας
1429 4004 1694 4078 ἐξετάσῃς,
1751 4006 1832 4067 τίς

189 4091 450 4164 ὑπομενεῖ
504 4093 603 4160 τὴν
659 4089 894 4162 ἐξέτασιν
944 4091 1184 4162 ταύτηνς
1247 4092 1329 4148 ὅτι
1388 4094 1534 4168 παρά
1606 4096 1690 4148 σοὶ
1747 4090 1832 4148 ὅν-

181 4201 290 4241 τως
341 4180 394 4234 ἐν
455 4180 539 4235 σοί
598 4180 736 4235 ἐστιν
770 4178 1002 4243 ὁὲλεοςο
1064 4179 1148 4236 διὸ
1210 4183 1344 4255 μετὰ
1381 4179 1600 4260 φειδοῦς
1657 4181 1828 4254 ἐξετά-

189 4273 314 4338 ζεις.

261 4379 288 4411 α
314 4361 529 4413 Ἕνεκεν
558 4363 655 4413 τοῦ
686 4357 953 4432 ὀνόματός
1003 4381 1099 4414 σου
1157 4361 1419 4434 ὑπέμεινά
1475 4381 1552 4430 σε,
1584 4360 1766 4436 Κύριε.
1801 4385 1830 4413 ››

184 4478 256 4488 -
303 4447 376 4500 Ού
437 4443 526 4501 διὰ
578 4445 645 4502 τὰ
695 4447 1088 4524 κατορθώματά
1166 4470 1271 4521 μου
1346 4446 1726 4525 προσεδόκησα
1774 4471 1833 4505 σε

188 4537 442 4611 Σωτῆρα,
473 4533 600 4591 ἀλλ’
624 4533 716 4590 ’ίνα
749 4537 826 4609 μὴ
857 4533 1182 4611 ἐξουδενωθῇ
1213 4537 1276 4592 τὸ
1317 4533 1492 4610 ὄνομά
1544 4559 1639 4592 σου
1685 4539 1832 4614 παρά

185 4626 296 4678 τῶν
339 4622 644 4697 πολεμίων,
677 4625 752 4687 ὡς
816 4626 892 4699 μή
951 4623 1244 4699 δυνάμενον
1303 4627 1494 4696 σώζειν
1548 4627 1639 4681 τὸν
1695 4625 1826 4682 λαόν

187 4733 306 4767 σου.

261 4824 291 4852 ‹‹
322 4799 629 4874 Ὑπέμεινεν
689 4805 726 4872 ἡ
783 4804 936 4878 ψυχή
997 4824 1100 4877 μου
1160 4803 1238 4866 εἷς
1291 4805 1381 4859 τὸν
1425 4801 1592 4879 λόγον
1650 4825 1767 4862 σου.
1801 4827 1830 4856 ››

185 4921 258 4932 -
287 4888 534 4944 ’Ήλπισα
588 4889 666 4952 εἷς
713 4891 813 4959 τὴν
873 4890 1160 4968 ὑπόσχεσίν
1218 4913 1338 4964 σου,
1371 4891 1454 4947 ὅτι
1482 4893 1672 4956 σώσεις
1702 4895 1830 4956 τοὺς

183 4977 600 5053 εὐαρεστοῦντάς
636 4977 720 5033 σοι
750 4979 840 5034 καὶ
869 4979 994 5043 τοὺς
1030 4985 1438 5054 μετανοοῦντας.

259 5091 289 5118 ‹‹
316 5065 578 5122 Ἥλπισεν
608 5069 644 5138 ἡ
676 5070 828 5144 ψυχή
892 5091 996 5143 μου
1053 5069 1140 5125 ἐπὶ
1196 5070 1286 5125 τὸν
1319 5069 1538 5146 Κύριον.
1564 5095 1594 5125 ››
1627 5104 1696 5114 --
1724 5071 1834 5127 Οὐκ

184 5153 263 5215 εἰς
296 5152 437 5210 ἄλλο
465 5177 516 5209 τι
547 5159 654 5210 τῶν
683 5153 956 5212 ἀπάντων.

259 5267 288 5293 ‹‹
321 5242 458 5298 Ἀπὸ
516 5241 762 5323 φυλακῆς
819 5242 1031 5321 πρωίας
1092 5245 1255 5322 μέχρι
1308 5249 1496 5310 νυκτὸς
1557 5246 1830 5304 ἐλπισάτω

185 5332 409 5407 Ἰσραὴλ
469 5331 556 5388 ἐπὶ
630 5332 722 5387 τὸν
801 5332 1019 5410 Κύριον.
1081 5359 1110 5387 ››
1164 5368 1236 5379 --
1292 5336 1552 5406 Φυλακὴν
1617 5334 1828 5414 πρωίας

187 5418 445 5494 ὀνομάζει
503 5421 566 5476 τὸ
618 5421 925 5478 τελευταῖον
983 5425 1416 5501 τεταρτημόριον
1467 5429 1566 5495 τῆς
1613 5425 1826 5495 νυκτὸς,

183 5509 261 5570 ὡς
289 5510 388 5578 τήν
419 5507 630 5586 πρωίαν
689 5507 798 5580 ἤδη
860 5511 1084 5584 μηνύον,
1123 5514 1213 5568 καὶ
1272 5513 1444 5589 λῆγον
1501 5515 1579 5576 εἷς
1634 5513 1823 5584 αὐτήν.

186 5602 446 5674 Παραινεῖ
498 5598 675 5654 τοίνυν
753 5596 992 5668 ἐλπίζειν
1067 5601 1157 5655 τὸν
1236 5597 1406 5665 ὅντως
1463 5602 1684 5678 Ἰσραὴλ
1741 5602 1828 5657 ἐπὶ

188 5685 354 5760 μόνον
412 5686 504 5742 τὸν
562 5687 755 5762 Κύριον
810 5689 937 5762 παρ’
966 5686 1102 5759 ὅλην
1161 5693 1327 5762 ζωήν·
1390 5688 1669 5762 δεδήλωκε
1723 5692 1826 5766 γὰρ

184 5777 285 5842 τήν
372 5773 776 5855 κυκλοφορικὴν
857 5774 1108 5852 περίοδον
1171 5779 1370 5842 παντὸς
1429 5779 1825 5857 ἡμερονυκτίου

1956 2208 2159 2281 μένοις.

2031 2320 2051 2347 α
2088 2295 2153 2350 Εἰ
2187 2295 2261 2368 μὴ
2295 2292 2792 2371 ἐταπεινοφρόνουν,
2819 2288 2964 2348 ἀλλά
3018 2289 3208 2364 ὕψωσκ
3259 2291 3358 2359 τὴν
3407 2287 3591 2363 ψυχήν

1961 2405 2085 2459 μου.
2164 2407 2193 2436 ››
2245 2415 2314 2426 —-—
2379 2380 2706 2445 ’Δσυνδέτως
2792 2381 2880 2436 καὶ
2967 2375 3280 2457 ὑπερϐατῶς
3355 2379 3596 2451 ἀναγνω-

1957 2475 2130 2532 στέον.
2177 2473 2299 2528 Ἐὰν
2349 2471 2448 2527 οὐκ
2491 2469 2643 2545 ἤμην
2689 2469 3086 2548 ταπεινόφρων,
3117 2468 3193 2531 ὡς
3237 2469 3300 2522 τὸ
3343 2469 3442 2535 τῆς
3493 2467 3598 2535 θη-

1958 2563 2062 2633 λῆς
2093 2561 2202 2633 ἤδη
2235 2561 2578 2638 ἀπεχόμενον
2612 2561 2808 2638 βρέφος
2841 2559 2928 2614 ἐπὶ
2957 2560 3054 2628 τὴν
3113 2558 3304 2612 ἑαυτοῦ
3365 2553 3592 2631 μητέρα,

1957 2651 2102 2708 ἀλλά
2143 2651 2406 2728 ἐπήρθην,
2455 2646 2625 2713 ὅντως
2675 2647 2939 2719 ἀποδοίης
2989 2647 3066 2710 εἲς
3106 2648 3206 2716 τὴν
3251 2647 3436 2722 ψυχήν
3490 2664 3595 2718 μου

1953 2742 2055 2811 τὴν
2084 2735 2320 2814 ἀμοιϐὴν
2352 2747 2452 2810 τῆς
2484 2738 2776 2815 ἐπάρσεως.

2025 2855 2055 2882 ‹‹
2089 2829 2394 2886 Ἐλπισάτω
2450 2827 2674 2906 Ἰσραὴλ
2733 2825 2820 2883 ἐπὶ
2881 2826 2971 2882 τὸν
3048 2824 3244 2900 Κύριον
3317 2824 3423 2880 ἀπὸ
3493 2827 3594 2880 τοῦ

1949 2925 2041 2975 νῦν
2068 2921 2157 2975 καὶ
2184 2916 2288 2981 ἕως
2317 2923 2414 2975 τοῦ
2442 2919 2662 2981 αἰῶνος.
2695 2941 2722 2970 »
2755 2949 2824 2960 -—
2855 2917 2986 2990 Ἐμὲ
3019 2914 3375 2990 μιμούμενοι.

2515 3030 2812 3082 ΨΑΛΜΟΣ
2853 3026 3019 3081 ΡΛΔ’.

2024 3117 2386 3187 «Μνήσθητι,
2445 3113 2623 3192 Κύριε,
2677 3118 2775 3170 τοῦ
2857 3109 3040 3184 Δαυῖδ,
3097 3111 3187 3168 καὶ
3264 3109 3441 3182 πάσης
3486 3117 3591 3180 τῆς

1945 3205 2256 3282 πραότητος
2312 3204 2496 3262 αὐτοῦ.
2547 3227 2574 3257 ››
2625 3236 2695 3246 -
2747 3201 2992 3258 Ἱκετεύει
3044 3201 3072 3256 6
3127 3200 3187 3256 ἐκ
3228 3207 3330 3270 τῆς
3387 3199 3591 3274 αἰχμα-

1866 3320 1908 3386 C
1947 3293 2152 3356 λωσίας
2196 3291 2500 3348 ἐπανελθὼν
2553 3291 2706 3360 λαὸς,
2739 3293 3023 3360 ἀναστῆναι
3069 3289 3162 3344 τὸν
3215 3287 3368 3360 λαὸν,
3403 3287 3449 3344 εἰ
3497 3288 3587 3343 καὶ

1950 3383 2026 3456 μή
2085 3380 2154 3437 δι’
2203 3381 2419 3453 αὐτοὺς,
2449 3379 2596 3436 ἀλλά
2648 3401 2710 3456 γε
2766 3377 2855 3434 διὰ
2907 3380 3000 3435 τὸν
3056 3377 3326 3454 πρόγονον
3382 3376 3589 3433 τούτων

1945 3469 2108 3527 Δαυῗδ
2157 3473 2202 3544 ᾦ
2233 3474 2268 3542 ἡ
2317 3470 2562 3547 πραότης
2612 3467 2783 3525 εἶτουν
2833 3468 3137 3540 ἀνεξικακία
3191 3473 3401 3544 προσῆν
3452 3465 3590 3522 κατά

1942 3561 2007 3618 τὸ
2037 3560 2324 3636 ἐξαίρετον.

2015 3651 2105 3713 Ὡς
2163 3648 2348 3724 ὤμοσε
2403 3647 2482 3721 τῷ
2537 3645 2741 3725 Κυρίῳ,
2780 3642 2974 3720 ηὔξατο
3029 3650 3111 3718 τῷ
3157 3649 3272 3718 Θεῷ
3302 3639 3520 3703 Ἰακώϐ.
3555 3667 3586 3696 ››

1944 3773 2011 3782 -
2051 3740 2331 3810 Μνήσθητι
2385 3737 2551 3793 αὐτοῦ
2601 3740 2720 3798 πῶς
2779 3734 3079 3811 ὑπέσχηται
3140 3740 3219 3808 τῷ
3275 3734 3480 3810 Κυρίῳ,
3512 3733 3587 3788 Οὐ

1946 3830 2023 3901 μή
2080 3831 2297 3899 ποιήσω
2341 3825 2467 3882 τόδε
2521 3825 2611 3881 καὶ
2669 3823 2792 3880 τόδε
2846 3821 2950 3886 ἕως
2980 3823 3044 3878 οὗ
3094 3822 3236 3898 εὕρω
3280 3822 3449 3878 τόπον
3504 3823 3587 3893 τῷ

1941 3918 2124 3994 Κυρίῳ
2171 3917 2314 3988 ἄξιον
2368 3915 2441 3979 εἷς
2482 3915 2546 3971 τὸ
2595 3916 2859 3987 σκήνωμα
2912 3912 3076 3968 αὐτοῦ
3131 3917 3229 3968 τοῦ
3289 3916 3424 3969 Θεοῦ
3489 3913 3592 3967 Ἰα-

1940 4003 2078 4075 κὼϐ,
2110 4003 2235 4075 ἤτοι
2271 4005 2347 4068 εἷς
2376 4007 2474 4075 τὴν
2506 3999 2763 4059 κιϐωτόν.

2012 4092 2211 4150 «Ἰδοὺ
2285 4093 2592 4166 ἠκούσαμεν
2669 4091 2835 4160 αὐτὴν
2896 4091 2948 4146 ἐν
3020 4090 3276 4170 Ἐφραθάο
3357 4089 3584 4166 εὕρομεν

1939 4183 2105 4252 αὐτὴν
2156 4182 2207 4237 ἐν
2251 4189 2368 4245 τοῖς
2416 4179 2625 4244 πεδίοις
2662 4186 2760 4236 τοῦ
2790 4178 3018 4257 δρυμοῦ.
3053 4203 3080 4232 ))
3115 4213 3184 4222 —
3237 4184 3341 4234 Τοῦ
3391 4180 3585 4257 Ἐφρα-

1942 4269 2009 4337 θοὶ
2042 4273 2188 4328 οἶκος
2239 4269 2498 4342 δηλονότι
2537 4269 2783 4326 καλεῖται
2830 4272 2866 4339 ἡ
2915 4269 3189 4342 Βηθλεέμ,
3213 4267 3448 4346 φέρουσα
3487 4271 3586 4322 τοῦ

1940 4360 2416 4438 προκατασχόντος
2465 4355 2654 4433 ὄνομα.
2715 4359 2890 4428 Φησὶν
2949 4356 3062 4428 οὖν,
3097 4356 3179 4412 ὅτι
3239 4356 3510 4428 ἐζήλωσεν
3555 4357 3585 4410 6

1942 4447 2125 4521 Δαυῒδ,
2156 4449 2245 4504 καὶ
2295 4449 2469 4519 ἐζήτει
2516 4447 2680 4504 τόπον
2729 4445 3005 4502 κατοικίαν
3048 4450 3128 4518 τῷ
3155 4440 3394 4518 κιϐωτῷ,
3423 4465 3587 4500 τουτ-

1941 4539 2051 4594 έστι
2104 4537 2250 4593 ναόν·
2342 4535 2529 4607 ἐπειδή
2605 4536 2911 4611 ἠκούσαμεν
2989 4535 3095 4590 ἀπὸ
3179 4539 3286 4589 τῶν
3355 4537 3583 4611 Γραφῶν

1941 4627 2228 4703 ἐνεχθῆναι
2288 4626 2452 4694 αὐτὴν
2512 4625 2590 4688 εἰς
2643 4627 2742 4694 τήν
2787 4624 3061 4698 Βηθλεέμ,
3091 4623 3181 4679 καὶ
3211 4621 3376 4678 πάλιν
3435 4619 3586 4696 εὕρο-

1864 4689 1912 4753 D
1946 4689 2067 4790 μενῆ
2086 4715 2191 4770 ἀπὸ
2247 4720 2352 4770 τῶν
2411 4719 2632 4793 Γραφῶν
2687 4713 3048 4788 αὖλιζομένην
3129 4713 3293 4781 αὐτὴν
3357 4710 3409 4766 ἐν
3465 4716 3586 4774 τοῖς

1940 4803 2147 4868 πεδίοις
2205 4809 2302 4859 τοῦ
2358 4802 2586 4881 δρυμοῦ,
2630 4803 2720 4858 καὶ
2775 4800 2909 4877 τῇδε
2953 4803 3168 4858 κάκεῖσε
3220 4801 3584 4879 περιφερομέ-

1938 4914 2058 4965 νην,
2091 4892 2182 4949 διὰ
2206 4893 2269 4948 τὸ
2303 4896 2377 4967 μὴ
2412 4893 2547 4948 εἶναι
2573 4893 2739 4947 τόπον
2774 4891 3148 4968 ἀφωρισμένον
3173 4889 3332 4963 αὐτῇ.

2015 5005 2042 5034 (ι
2074 4981 2523 5055 Εἶσελετσώμεθα
2567 4980 2642 5043 είς
2695 4982 2762 5036 τὰ
2807 4981 3140 5054 σκηνώματα
3194 4978 3378 5034 αὐτοῦ·
3411 4997 3582 5054 προσ-

1940 5073 2260 5144 κυνήσωμεν
2322 5069 2398 5132 εἷς
2455 5071 2546 5125 τὸν
2603 5069 2770 5125 τόπον
2820 5067 2882 5124 οὗ
2930 5067 3151 5140 ἔστησαν
3194 5069 3247 5122 οἱ
3275 5065 3440 5130 πόδες
3496 5066 3588 5122 αὗ·-

1937 5163 2055 5216 τοῦ.
2117 5182 2146 5212 ››
2202 5193 2271 5200 -
2327 5163 2667 5237 Προφητεῖαι
2740 5162 2928 5230 ταῦτα,
2977 5157 3060 5213 ὅτί
3134 5158 3486 5228 ἀναστήσεται
3553 5157 3584 5212 6

1939 5244 2091 5319 λαὸς,
2175 5247 2265 5302 καὶ
2352 5247 2744 5302 εἰσελεύσονται
2820 5247 2910 5301 καὶ
2985 5248 3422 5320 προσγυνήσουσι
3492 5245 3582 5301 καὶ

1939 5334 2318 5412 λατρεύσουσιν
2348 5336 2424 5398 ὡς
2451 5337 2514 5390 τὸ
2563 5336 2847 5412 πρότερον.
2882 5335 2999 5390 Εἰσὶ
3051 5333 3109 5390 δὲ
3163 5336 3254 5390 καὶ
3298 5339 3397 5390 τοῦ
3457 5341 3586 5410 Χρι-

1938 5430 2066 5480 στοῦ
2110 5427 2443 5498 σκηνώματα
2489 5425 2541 5479 οἱ
2587 5423 2639 5480 ἐν
2690 5424 3019 5499 Παλαιστίνῃ
3071 5423 3255 5482 τόποι.
3299 5424 3474 5486 Τόπος
3524 5421 3582 5478 δὲ

1939 5512 2074 5570 ὅπου
2106 5513 2332 5585 ἔστησαν
2370 5515 2418 5568 οἱ
2448 5511 2610 5576 πόδες
2643 5513 2828 5585 αὐτοῦ,
2863 5515 2891 5568 6
2921 5512 3171 5588 σταυρός.

2008 5627 2037 5655 ‹‹
2086 5602 2386 5674 Ἀνάστηθι,
2459 5601 2639 5678 Κύριε,
2691 5601 2765 5663 εἰς
2831 5603 2931 5671 τήν
2995 5602 3286 5657 ἀνάπαυσίν
3344 5623 3460 5670 σου,
3513 5599 3576 5655 σὺ

1937 5692 2027 5747 καὶ
2076 5695 2110 5762 ἡ
2154 5687 2387 5754 κιϐωτὸς
2440 5695 2535 5745 τοῦ
2590 5690 2923 5767 ἁγιάσματός
2985 5713 3102 5748 σου.
3154 5717 3183 5744 ››
3218 5723 3288 5734 —-
3340 5691 3428 5752 Εἷς
3473 5690 3572 5758 τήν

1937 5779 2225 5836 ἀνάπαυσίν
2282 5801 2397 5852 σου,
2455 5779 2723 5834 τουτέστιν
2779 5779 2854 5842 εἰς
2911 5780 3001 5836 τὸν
3059 5779 3182 5835 ναόν
3238 5797 3354 5851 σου,
3401 5774 3573 5853 ἤγουν
