  <div class='ocr_page' id='page_1' title='image "/cluster/home/n/w/nwhite01/storage/ocr_20150623/142/mdp.39015078384792/807.png"; bbox 0 0 3998 6414; ppageno 0'>
   <div class='ocr_carea' id='block_1_1' title="bbox 351 417 508 482">
    <p class='ocr_par' dir='ltr' id='par_1_1' title="bbox 351 417 508 482">
     <span class='ocr_line' id='line_1_1' title="bbox 351 417 508 482; baseline 0.019 -2"><span class='ocrx_word' id='word_1_1' title='bbox 351 417 508 482; x_wconf 73' lang='lat'><strong>1599</strong></span> 
     </span>
    </p>
   </div>
   <div class='ocr_carea' id='block_1_2' title="bbox 1599 434 2510 505">
    <p class='ocr_par' dir='ltr' id='par_1_2' title="bbox 1599 434 2510 505">
     <span class='ocr_line' id='line_1_2' title="bbox 1599 434 2510 505; baseline 0.01 -8"><span class='ocrx_word' id='word_1_2' title='bbox 1599 434 2021 500; x_wconf 79' lang='lat' dir='ltr'>NICEPHOBI</span> <span class='ocrx_word' id='word_1_3' title='bbox 2068 435 2510 505; x_wconf 66' lang='lat' dir='ltr'>BLEMMIDE</span> 
     </span>
    </p>
   </div>
   <div class='ocr_carea' id='block_1_3' title="bbox 3604 451 3751 516">
    <p class='ocr_par' dir='ltr' id='par_1_3' title="bbox 3604 451 3751 516">
     <span class='ocr_line' id='line_1_3' title="bbox 3604 451 3751 516; baseline 0.02 -3"><span class='ocrx_word' id='word_1_4' title='bbox 3604 451 3751 516; x_wconf 72' lang='grc' dir='ltr'>ίϐω</span> 
     </span>
    </p>
   </div>
   <div class='ocr_carea' id='block_1_4' title="bbox 353 550 3749 661">
    <p class='ocr_par' dir='ltr' id='par_1_4' title="bbox 353 550 3749 661">
     <span class='ocr_line' id='line_1_4' title="bbox 353 550 3749 661; baseline 0.009 -54"><span class='ocrx_word' id='word_1_5' title='bbox 353 551 431 616; x_wconf 79' lang='grc' dir='ltr'>εἷς</span> <span class='ocrx_word' id='word_1_6' title='bbox 489 550 789 630; x_wconf 75' lang='grc' dir='ltr'>οῗκοδομῆν</span> <span class='ocrx_word' id='word_1_7' title='bbox 830 555 1015 632; x_wconf 88' lang='grc' dir='ltr'>αὐτοῦ,</span> <span class='ocrx_word' id='word_1_8' title='bbox 1044 556 1347 639; x_wconf 82' lang='grc' dir='ltr'>διεγέρθητι</span> <span class='ocrx_word' id='word_1_9' title='bbox 1403 564 1467 620; x_wconf 75' lang='grc' dir='ltr'>σὺ</span> <span class='ocrx_word' id='word_1_10' title='bbox 1521 567 1612 623; x_wconf 89' lang='grc' dir='ltr'>καὶ</span> <span class='ocrx_word' id='word_1_11' title='bbox 1667 571 1703 638; x_wconf 82' lang='grc' dir='ltr'>ἡ</span> <span class='ocrx_word' id='word_1_12' title='bbox 1759 564 1996 631; x_wconf 89' lang='grc' dir='ltr'>κιϐωτὸς</span> <span class='ocrx_word' id='word_1_13' title='bbox 2030 572 2085 639; x_wconf 79' lang='grc' dir='ltr'>Α</span> <span class='ocrx_word' id='word_1_14' title='bbox 2190 597 2218 625; x_wconf 85' lang='grc'>‹‹</span> <span class='ocrx_word' id='word_1_15' title='bbox 2248 574 2393 630; x_wconf 84' lang='grc' dir='ltr'>Ἐκεῖ</span> <span class='ocrx_word' id='word_1_16' title='bbox 2437 575 2738 647; x_wconf 78' lang='grc' dir='ltr'>έξανατελῶ</span> <span class='ocrx_word' id='word_1_17' title='bbox 2786 578 2945 655; x_wconf 82' lang='grc' dir='ltr'>κέρας</span> <span class='ocrx_word' id='word_1_18' title='bbox 3005 585 3083 653; x_wconf 80' lang='grc' dir='ltr'>τῷ</span> <span class='ocrx_word' id='word_1_19' title='bbox 3127 578 3314 642; x_wconf 73' lang='grc' dir='ltr'>Δαυῖδ.</span> <span class='ocrx_word' id='word_1_20' title='bbox 3357 607 3389 636; x_wconf 82' lang='lat'>»</span> <span class='ocrx_word' id='word_1_21' title='bbox 3424 614 3500 629; x_wconf 90' lang='lat'><strong>—</strong></span> <span class='ocrx_word' id='word_1_22' title='bbox 3551 583 3641 641; x_wconf 81' lang='grc' dir='ltr'>Ἐν</span> <span class='ocrx_word' id='word_1_23' title='bbox 3689 587 3749 661; x_wconf 75' lang='grc' dir='ltr'>τῇ</span> 
     </span>
    </p>
   </div>
   <div class='ocr_carea' id='block_1_5' title="bbox 355 646 1999 731">
    <p class='ocr_par' dir='ltr' id='par_1_5' title="bbox 355 646 1999 731">
     <span class='ocr_line' id='line_1_5' title="bbox 355 646 1999 731; baseline 0.01 -34"><span class='ocrx_word' id='word_1_24' title='bbox 355 649 458 714; x_wconf 86' lang='grc' dir='ltr'>τῆς</span> <span class='ocrx_word' id='word_1_25' title='bbox 516 646 824 720; x_wconf 75' lang='grc' dir='ltr'>ἁγιωσύνης</span> <span class='ocrx_word' id='word_1_26' title='bbox 883 670 999 705; x_wconf 85' lang='grc' dir='ltr'>σου·</span> <span class='ocrx_word' id='word_1_27' title='bbox 1059 648 1279 708; x_wconf 84' lang='grc' dir='ltr'>δύναται</span> <span class='ocrx_word' id='word_1_28' title='bbox 1337 655 1441 731; x_wconf 70' lang='grc' dir='ltr'>γάρ</span> <span class='ocrx_word' id='word_1_29' title='bbox 1496 658 1586 712; x_wconf 83' lang='grc' dir='ltr'>καὶ</span> <span class='ocrx_word' id='word_1_30' title='bbox 1662 658 1819 728; x_wconf 71' lang='grc' dir='ltr'>αὕτη·</span> <span class='ocrx_word' id='word_1_31' title='bbox 1883 658 1999 714; x_wconf 76' lang='grc' dir='ltr'>ἐπεὶ</span> 
     </span>
    </p>
   </div>
   <div class='ocr_carea' id='block_1_6' title="bbox 357 730 1998 823">
    <p class='ocr_par' dir='ltr' id='par_1_6' title="bbox 357 730 1998 823">
     <span class='ocr_line' id='line_1_6' title="bbox 357 730 1998 823; baseline 0.01 -36"><span class='ocrx_word' id='word_1_32' title='bbox 357 731 421 788; x_wconf 75' lang='grc' dir='ltr'>σὺ</span> <span class='ocrx_word' id='word_1_33' title='bbox 479 730 569 789; x_wconf 83' lang='grc' dir='ltr'>διά</span> <span class='ocrx_word' id='word_1_34' title='bbox 617 740 715 790; x_wconf 91' lang='grc' dir='ltr'>τοῦ</span> <span class='ocrx_word' id='word_1_35' title='bbox 764 734 936 811; x_wconf 90' lang='grc' dir='ltr'>νόμου</span> <span class='ocrx_word' id='word_1_36' title='bbox 978 761 1073 795; x_wconf 85' lang='grc' dir='ltr'>σου</span> <span class='ocrx_word' id='word_1_37' title='bbox 1123 730 1359 807; x_wconf 12' lang='grc' dir='ltr'>ένοικεῖςν</span> <span class='ocrx_word' id='word_1_38' title='bbox 1392 744 1443 799; x_wconf 85' lang='grc' dir='ltr'>έν</span> <span class='ocrx_word' id='word_1_39' title='bbox 1492 745 1650 820; x_wconf 83' lang='grc' dir='ltr'>αὐτῇ,</span> <span class='ocrx_word' id='word_1_40' title='bbox 1689 749 1779 802; x_wconf 83' lang='grc' dir='ltr'>καὶ</span> <span class='ocrx_word' id='word_1_41' title='bbox 1829 750 1998 823; x_wconf 85' lang='grc' dir='ltr'>ἀγιω-</span> 
     </span>
    </p>
   </div>
   <div class='ocr_carea' id='block_1_7' title="bbox 352 821 1999 905">
    <p class='ocr_par' dir='ltr' id='par_1_7' title="bbox 352 821 1999 905">
     <span class='ocr_line' id='line_1_7' title="bbox 352 821 1999 905; baseline 0.01 -28"><span class='ocrx_word' id='word_1_42' title='bbox 352 821 519 894; x_wconf 89' lang='grc' dir='ltr'>σύνης</span> <span class='ocrx_word' id='word_1_43' title='bbox 578 825 829 898; x_wconf 79' lang='grc' dir='ltr'>πιμπλᾷς</span> <span class='ocrx_word' id='word_1_44' title='bbox 874 828 964 883; x_wconf 82' lang='grc' dir='ltr'>καὶ</span> <span class='ocrx_word' id='word_1_45' title='bbox 1021 827 1323 905; x_wconf 86' lang='grc' dir='ltr'>δυνάμεως.</span> <span class='ocrx_word' id='word_1_46' title='bbox 1377 835 1789 892; x_wconf 88' lang='grc' dir='ltr'>Ἐπισπεύδουσι</span> <span class='ocrx_word' id='word_1_47' title='bbox 1848 837 1999 892; x_wconf 80' lang='grc' dir='ltr'>ταυτὶ</span> 
     </span>
    </p>
   </div>
   <div class='ocr_carea' id='block_1_8' title="bbox 351 911 2000 1002">
    <p class='ocr_par' dir='ltr' id='par_1_8' title="bbox 351 911 2000 1002">
     <span class='ocr_line' id='line_1_8' title="bbox 351 911 2000 1002; baseline 0.009 -36"><span class='ocrx_word' id='word_1_48' title='bbox 351 911 420 966; x_wconf 81' lang='grc' dir='ltr'>τὰ</span> <span class='ocrx_word' id='word_1_49' title='bbox 476 912 615 989; x_wconf 74' lang='grc' dir='ltr'>ῥητά</span> <span class='ocrx_word' id='word_1_50' title='bbox 666 916 757 970; x_wconf 85' lang='grc' dir='ltr'>καὶ</span> <span class='ocrx_word' id='word_1_51' title='bbox 811 919 911 987; x_wconf 75' lang='grc' dir='ltr'>τήν</span> <span class='ocrx_word' id='word_1_52' title='bbox 955 918 1015 974; x_wconf 72' lang='grc' dir='ltr'>ἐκ</span> <span class='ocrx_word' id='word_1_53' title='bbox 1041 925 1243 996; x_wconf 81' lang='grc' dir='ltr'>νεκρῶν</span> <span class='ocrx_word' id='word_1_54' title='bbox 1278 923 1559 979; x_wconf 79' lang='grc' dir='ltr'>ἀνάστασιν</span> <span class='ocrx_word' id='word_1_55' title='bbox 1612 931 1709 981; x_wconf 81' lang='grc' dir='ltr'>τοῦ</span> <span class='ocrx_word' id='word_1_56' title='bbox 1767 931 2000 1002; x_wconf 77' lang='grc' dir='ltr'>Χριστοῦ</span> 
     </span>
    </p>
   </div>
   <div class='ocr_carea' id='block_1_9' title="bbox 352 1001 2000 1091">
    <p class='ocr_par' dir='ltr' id='par_1_9' title="bbox 352 1001 2000 1091">
     <span class='ocr_line' id='line_1_9' title="bbox 352 1001 2000 1091; baseline 0.01 -35"><span class='ocrx_word' id='word_1_57' title='bbox 352 1001 442 1056; x_wconf 83' lang='grc' dir='ltr'>καὶ</span> <span class='ocrx_word' id='word_1_58' title='bbox 502 1004 635 1078; x_wconf 90' lang='grc' dir='ltr'>πρὸς</span> <span class='ocrx_word' id='word_1_59' title='bbox 687 1005 777 1060; x_wconf 85' lang='grc' dir='ltr'>τὸν</span> <span class='ocrx_word' id='word_1_60' title='bbox 828 1013 930 1075; x_wconf 87' lang='grc' dir='ltr'>τῆς</span> <span class='ocrx_word' id='word_1_61' title='bbox 980 1007 1031 1063; x_wconf 89' lang='grc' dir='ltr'>έν</span> <span class='ocrx_word' id='word_1_62' title='bbox 1082 1009 1292 1085; x_wconf 81' lang='grc' dir='ltr'>οὐρανῷ</span> <span class='ocrx_word' id='word_1_63' title='bbox 1342 1013 1620 1088; x_wconf 79' lang='grc' dir='ltr'>βασιλείας</span> <span class='ocrx_word' id='word_1_64' title='bbox 1651 1001 1824 1071; x_wconf 86' lang='grc' dir='ltr'>αὐτοῦ</span> <span class='ocrx_word' id='word_1_65' title='bbox 1874 1016 2000 1091; x_wconf 85' lang='grc' dir='ltr'>θρό-</span> 
     </span>
    </p>
   </div>
   <div class='ocr_carea' id='block_1_10' title="bbox 359 1093 2001 1179">
    <p class='ocr_par' dir='ltr' id='par_1_10' title="bbox 359 1093 2001 1179">
     <span class='ocr_line' id='line_1_10' title="bbox 359 1093 2001 1179; baseline 0.009 -33"><span class='ocrx_word' id='word_1_66' title='bbox 359 1111 447 1146; x_wconf 88' lang='grc' dir='ltr'>νον</span> <span class='ocrx_word' id='word_1_67' title='bbox 500 1093 945 1150; x_wconf 81' lang='grc' dir='ltr'>ἀποκατάστασιν.</span> <span class='ocrx_word' id='word_1_68' title='bbox 1003 1099 1251 1173; x_wconf 81' lang='grc' dir='ltr'>Κιβωτὸς</span> <span class='ocrx_word' id='word_1_69' title='bbox 1293 1098 1350 1155; x_wconf 73' lang='grc' dir='ltr'>δὲ</span> <span class='ocrx_word' id='word_1_70' title='bbox 1405 1110 1503 1171; x_wconf 79' lang='grc' dir='ltr'>τῆς</span> <span class='ocrx_word' id='word_1_71' title='bbox 1553 1104 1857 1179; x_wconf 71' lang='grc' dir='ltr'>ἁγιωσύνης</span> <span class='ocrx_word' id='word_1_72' title='bbox 1902 1109 2001 1160; x_wconf 89' lang='grc' dir='ltr'>τοῦ</span> 
     </span>
    </p>
   </div>
   <div class='ocr_carea' id='block_1_11' title="bbox 359 1182 1998 1266">
    <p class='ocr_par' dir='ltr' id='par_1_11' title="bbox 359 1182 1998 1266">
     <span class='ocr_line' id='line_1_11' title="bbox 359 1182 1998 1266; baseline 0.009 -30"><span class='ocrx_word' id='word_1_73' title='bbox 359 1182 629 1238; x_wconf 80' lang='grc' dir='ltr'>Δεσπότου</span> <span class='ocrx_word' id='word_1_74' title='bbox 659 1189 893 1261; x_wconf 80' lang='grc' dir='ltr'>Χριστοῦ</span> <span class='ocrx_word' id='word_1_75' title='bbox 920 1185 1268 1263; x_wconf 91' lang='grc' dir='ltr'>πρόσλημμα</span> <span class='ocrx_word' id='word_1_76' title='bbox 1313 1192 1376 1246; x_wconf 91' lang='grc' dir='ltr'>τὸ</span> <span class='ocrx_word' id='word_1_77' title='bbox 1422 1198 1522 1262; x_wconf 85' lang='grc' dir='ltr'>τῆς</span> <span class='ocrx_word' id='word_1_78' title='bbox 1570 1193 1823 1265; x_wconf 88' lang='grc' dir='ltr'>θεότητος</span> <span class='ocrx_word' id='word_1_79' title='bbox 1865 1197 1998 1266; x_wconf 81' lang='grc' dir='ltr'>σκή-</span> 
     </span>
    </p>
   </div>
   <div class='ocr_carea' id='block_1_12' title="bbox 354 1290 533 1343">
    <p class='ocr_par' dir='ltr' id='par_1_12' title="bbox 354 1290 533 1343">
     <span class='ocr_line' id='line_1_12' title="bbox 354 1290 533 1343; baseline 0.017 -18"><span class='ocrx_word' id='word_1_80' title='bbox 354 1290 533 1343; x_wconf 88' lang='grc' dir='ltr'>νωμα.</span> 
     </span>
    </p>
   </div>
   <div class='ocr_carea' id='block_1_13' title="bbox 428 1379 2001 1459">
    <p class='ocr_par' dir='ltr' id='par_1_13' title="bbox 428 1379 2001 1459">
     <span class='ocr_line' id='line_1_13' title="bbox 428 1379 2001 1459; baseline 0.01 -28"><span class='ocrx_word' id='word_1_81' title='bbox 428 1401 458 1430; x_wconf 77' lang='grc' dir='ltr'>α</span> <span class='ocrx_word' id='word_1_82' title='bbox 488 1379 552 1433; x_wconf 89' lang='grc' dir='ltr'>Οἱ</span> <span class='ocrx_word' id='word_1_83' title='bbox 609 1381 771 1456; x_wconf 80' lang='grc' dir='ltr'>ἱερεῖς</span> <span class='ocrx_word' id='word_1_84' title='bbox 826 1402 924 1437; x_wconf 92' lang='grc' dir='ltr'>σου</span> <span class='ocrx_word' id='word_1_85' title='bbox 984 1380 1289 1440; x_wconf 88' lang='grc' dir='ltr'>ένδύσονται</span> <span class='ocrx_word' id='word_1_86' title='bbox 1374 1384 1740 1459; x_wconf 84' lang='grc' dir='ltr'>δικαιοσύνην,</span> <span class='ocrx_word' id='word_1_87' title='bbox 1799 1390 1889 1445; x_wconf 77' lang='grc' dir='ltr'>καὶ</span> <span class='ocrx_word' id='word_1_88' title='bbox 1949 1393 2001 1446; x_wconf 86' lang='grc' dir='ltr'>οἱ</span> 
     </span>
    </p>
   </div>
   <div class='ocr_carea' id='block_1_14' title="bbox 357 1466 2003 1546">
    <p class='ocr_par' dir='ltr' id='par_1_14' title="bbox 357 1466 2003 1546">
     <span class='ocr_line' id='line_1_14' title="bbox 357 1466 2003 1546; baseline 0.008 -25"><span class='ocrx_word' id='word_1_89' title='bbox 357 1466 500 1522; x_wconf 75' lang='grc' dir='ltr'>ὅσιοί</span> <span class='ocrx_word' id='word_1_90' title='bbox 554 1490 651 1523; x_wconf 92' lang='grc' dir='ltr'>σου</span> <span class='ocrx_word' id='word_1_91' title='bbox 704 1469 1144 1546; x_wconf 90' lang='grc' dir='ltr'>ἀγαλλιάσονται.</span> <span class='ocrx_word' id='word_1_92' title='bbox 1208 1498 1237 1525; x_wconf 85' lang='grc'><strong>)›</strong></span> <span class='ocrx_word' id='word_1_93' title='bbox 1294 1509 1363 1517; x_wconf 94' lang='lat'><em>—</em></span> <span class='ocrx_word' id='word_1_94' title='bbox 1419 1476 1567 1531; x_wconf 86' lang='grc' dir='ltr'>Ἀντὶ</span> <span class='ocrx_word' id='word_1_95' title='bbox 1631 1482 1729 1533; x_wconf 87' lang='grc' dir='ltr'>τοῦ</span> <span class='ocrx_word' id='word_1_96' title='bbox 1789 1476 2003 1534; x_wconf 77' lang='grc' dir='ltr'>ἐνδυσά-</span> 
     </span>
    </p>
   </div>
   <div class='ocr_carea' id='block_1_15' title="bbox 366 1557 2005 1641">
    <p class='ocr_par' dir='ltr' id='par_1_15' title="bbox 366 1557 2005 1641">
     <span class='ocr_line' id='line_1_15' title="bbox 366 1557 2005 1641; baseline 0.009 -31"><span class='ocrx_word' id='word_1_97' title='bbox 366 1557 595 1612; x_wconf 89' lang='grc' dir='ltr'>σθωσαν.</span> <span class='ocrx_word' id='word_1_98' title='bbox 666 1560 1019 1631; x_wconf 76' lang='grc' dir='ltr'>Δικαιοσύνην</span> <span class='ocrx_word' id='word_1_99' title='bbox 1092 1560 1151 1618; x_wconf 75' lang='grc' dir='ltr'>δὲ</span> <span class='ocrx_word' id='word_1_100' title='bbox 1244 1563 1388 1641; x_wconf 90' lang='grc' dir='ltr'>λέγει</span> <span class='ocrx_word' id='word_1_101' title='bbox 1480 1567 1577 1635; x_wconf 73' lang='grc' dir='ltr'>τὴν</span> <span class='ocrx_word' id='word_1_102' title='bbox 1672 1567 1827 1641; x_wconf 88' lang='grc' dir='ltr'>ἀγίαν</span> <span class='ocrx_word' id='word_1_103' title='bbox 1910 1566 2005 1624; x_wconf 87' lang='grc' dir='ltr'>λα-</span> 
     </span>
    </p>
   </div>
   <div class='ocr_carea' id='block_1_16' title="bbox 356 1646 2005 1729">
    <p class='ocr_par' dir='ltr' id='par_1_16' title="bbox 356 1646 2005 1729">
     <span class='ocr_line' id='line_1_16' title="bbox 356 1646 2005 1729; baseline 0.008 -30"><span class='ocrx_word' id='word_1_104' title='bbox 356 1646 559 1720; x_wconf 84' lang='grc' dir='ltr'>τρείαν,</span> <span class='ocrx_word' id='word_1_105' title='bbox 600 1648 637 1716; x_wconf 79' lang='grc' dir='ltr'><strong>ἢ</strong></span> <span class='ocrx_word' id='word_1_106' title='bbox 682 1649 782 1717; x_wconf 80' lang='grc' dir='ltr'>τήν</span> <span class='ocrx_word' id='word_1_107' title='bbox 848 1651 983 1705; x_wconf 79' lang='grc' dir='ltr'>κατὰ</span> <span class='ocrx_word' id='word_1_108' title='bbox 1046 1652 1111 1706; x_wconf 86' lang='grc' dir='ltr'>τὸ</span> <span class='ocrx_word' id='word_1_109' title='bbox 1186 1650 1521 1729; x_wconf 79' lang='grc' dir='ltr'>Εὐαγγέλιον</span> <span class='ocrx_word' id='word_1_110' title='bbox 1568 1656 1868 1714; x_wconf 87' lang='grc' dir='ltr'>πολιτείαν.</span> <span class='ocrx_word' id='word_1_111' title='bbox 1918 1660 2005 1712; x_wconf 73' lang='grc' dir='ltr'>Ὀ-</span> 
     </span>
    </p>
   </div>
   <div class='ocr_carea' id='block_1_17' title="bbox 365 1734 2007 1823">
    <p class='ocr_par' dir='ltr' id='par_1_17' title="bbox 365 1734 2007 1823">
     <span class='ocr_line' id='line_1_17' title="bbox 365 1734 2007 1823; baseline 0.009 -34"><span class='ocrx_word' id='word_1_112' title='bbox 365 1734 512 1797; x_wconf 88' lang='grc' dir='ltr'>σίους</span> <span class='ocrx_word' id='word_1_113' title='bbox 587 1734 647 1792; x_wconf 88' lang='grc' dir='ltr'>δέ</span> <span class='ocrx_word' id='word_1_114' title='bbox 718 1759 849 1813; x_wconf 80' lang='grc' dir='ltr'>φησι</span> <span class='ocrx_word' id='word_1_115' title='bbox 919 1740 1011 1795; x_wconf 88' lang='grc' dir='ltr'>τὸν</span> <span class='ocrx_word' id='word_1_116' title='bbox 1087 1739 1219 1797; x_wconf 81' lang='grc' dir='ltr'>λαὸν</span> <span class='ocrx_word' id='word_1_117' title='bbox 1289 1743 1365 1806; x_wconf 86' lang='grc' dir='ltr'>ὡς</span> <span class='ocrx_word' id='word_1_118' title='bbox 1442 1744 1873 1823; x_wconf 74' lang='grc' dir='ltr'>ἀφωσιωμένους</span> <span class='ocrx_word' id='word_1_119' title='bbox 1927 1752 2007 1821; x_wconf 79' lang='grc' dir='ltr'>τῷ</span> 
     </span>
    </p>
   </div>
   <div class='ocr_carea' id='block_1_18' title="bbox 365 1828 502 1897">
    <p class='ocr_par' dir='ltr' id='par_1_18' title="bbox 365 1828 502 1897">
     <span class='ocr_line' id='line_1_18' title="bbox 365 1828 502 1897; baseline 0.015 -18"><span class='ocrx_word' id='word_1_120' title='bbox 365 1828 502 1897; x_wconf 82' lang='grc' dir='ltr'>Θεῷ.</span> 
     </span>
    </p>
   </div>
   <div class='ocr_carea' id='block_1_19' title="bbox 2111 662 3750 752">
    <p class='ocr_par' dir='ltr' id='par_1_19' title="bbox 2111 662 3750 752">
     <span class='ocr_line' id='line_1_19' title="bbox 2111 662 3750 752; baseline 0.012 -38"><span class='ocrx_word' id='word_1_121' title='bbox 2111 664 2253 716; x_wconf 86' lang='grc' dir='ltr'>Σιὼν</span> <span class='ocrx_word' id='word_1_122' title='bbox 2304 662 2364 718; x_wconf 84' lang='grc' dir='ltr'>έκ</span> <span class='ocrx_word' id='word_1_123' title='bbox 2405 670 2504 719; x_wconf 89' lang='grc' dir='ltr'>τοῦ</span> <span class='ocrx_word' id='word_1_124' title='bbox 2565 666 2750 741; x_wconf 89' lang='grc' dir='ltr'>γένους</span> <span class='ocrx_word' id='word_1_125' title='bbox 2814 667 2976 724; x_wconf 76' lang='grc' dir='ltr'>Δαυῗδ</span> <span class='ocrx_word' id='word_1_126' title='bbox 3040 671 3281 728; x_wconf 86' lang='grc' dir='ltr'>ἀνατελῶ</span> <span class='ocrx_word' id='word_1_127' title='bbox 3349 673 3500 745; x_wconf 77' lang='grc' dir='ltr'>αὐτῷ</span> <span class='ocrx_word' id='word_1_128' title='bbox 3578 676 3750 752; x_wconf 69' lang='grc' dir='ltr'>κέρας,</span> 
     </span>
    </p>
   </div>
   <div class='ocr_carea' id='block_1_20' title="bbox 2108 751 3751 837">
    <p class='ocr_par' dir='ltr' id='par_1_20' title="bbox 2108 751 3751 837">
     <span class='ocr_line' id='line_1_20' title="bbox 2108 751 3751 837; baseline 0.008 -33"><span class='ocrx_word' id='word_1_129' title='bbox 2108 751 2266 825; x_wconf 74' lang='grc' dir='ltr'>ὕψος,</span> <span class='ocrx_word' id='word_1_130' title='bbox 2317 757 2507 827; x_wconf 81' lang='grc' dir='ltr'>τιμὴν,</span> <span class='ocrx_word' id='word_1_131' title='bbox 2563 757 2941 829; x_wconf 71' lang='grc' dir='ltr'>βασιλεύοντος</span> <span class='ocrx_word' id='word_1_132' title='bbox 3000 765 3099 815; x_wconf 87' lang='grc' dir='ltr'>τοῦ</span> <span class='ocrx_word' id='word_1_133' title='bbox 3161 761 3349 837; x_wconf 87' lang='grc' dir='ltr'>γένους</span> <span class='ocrx_word' id='word_1_134' title='bbox 3418 763 3611 820; x_wconf 86' lang='grc' dir='ltr'>αὐτοῦ.</span> <span class='ocrx_word' id='word_1_135' title='bbox 3670 766 3751 819; x_wconf 84' lang='grc' dir='ltr'>Ἐν</span> 
     </span>
    </p>
   </div>
   <div class='ocr_carea' id='block_1_21' title="bbox 2106 842 3752 927">
    <p class='ocr_par' dir='ltr' id='par_1_21' title="bbox 2106 842 3752 927">
     <span class='ocr_line' id='line_1_21' title="bbox 2106 842 3752 927; baseline 0.007 -32"><span class='ocrx_word' id='word_1_136' title='bbox 2106 845 2176 914; x_wconf 85' lang='grc' dir='ltr'>τῇ</span> <span class='ocrx_word' id='word_1_137' title='bbox 2227 842 2523 916; x_wconf 76' lang='grc' dir='ltr'>Ἐκκλησία</span> <span class='ocrx_word' id='word_1_138' title='bbox 2570 843 2628 900; x_wconf 75' lang='grc' dir='ltr'>δέ</span> <span class='ocrx_word' id='word_1_139' title='bbox 2675 845 2994 919; x_wconf 75' lang='grc' dir='ltr'>ἐξανέτειλεν</span> <span class='ocrx_word' id='word_1_140' title='bbox 3029 851 3213 912; x_wconf 82' lang='grc' dir='ltr'>ὁΘεὸς</span> <span class='ocrx_word' id='word_1_141' title='bbox 3262 851 3397 925; x_wconf 79' lang='grc' dir='ltr'>ὕψος</span> <span class='ocrx_word' id='word_1_142' title='bbox 3446 854 3541 907; x_wconf 76' lang='grc' dir='ltr'>καὶ</span> <span class='ocrx_word' id='word_1_143' title='bbox 3590 856 3752 927; x_wconf 76' lang='grc' dir='ltr'>τιμὴν</span> 
     </span>
    </p>
   </div>
   <div class='ocr_carea' id='block_1_22' title="bbox 2106 930 3756 1018">
    <p class='ocr_par' dir='ltr' id='par_1_22' title="bbox 2106 930 3756 1018">
     <span class='ocr_line' id='line_1_22' title="bbox 2106 930 3756 1018; baseline 0.007 -32"><span class='ocrx_word' id='word_1_144' title='bbox 2106 930 2187 1003; x_wconf 81' lang='grc' dir='ltr'>τῷ</span> <span class='ocrx_word' id='word_1_145' title='bbox 2237 931 2399 987; x_wconf 79' lang='grc' dir='ltr'>Δαυὶδ</span> <span class='ocrx_word' id='word_1_146' title='bbox 2446 935 2547 1003; x_wconf 79' lang='grc' dir='ltr'>τήν</span> <span class='ocrx_word' id='word_1_147' title='bbox 2598 935 2873 1011; x_wconf 87' lang='grc' dir='ltr'>βασιλείαν</span> <span class='ocrx_word' id='word_1_148' title='bbox 2919 943 3017 993; x_wconf 88' lang='grc' dir='ltr'>τοῦ</span> <span class='ocrx_word' id='word_1_149' title='bbox 3066 938 3117 1010; x_wconf 82' lang='grc' dir='ltr'><strong>ἐξ</strong></span> <span class='ocrx_word' id='word_1_150' title='bbox 3162 939 3325 996; x_wconf 88' lang='grc' dir='ltr'>αὐτοῦ</span> <span class='ocrx_word' id='word_1_151' title='bbox 3379 943 3756 1018; x_wconf 79' lang='grc' dir='ltr'>καταγομένου</span> 
     </span>
    </p>
   </div>
   <div class='ocr_carea' id='block_1_23' title="bbox 2110 1024 2367 1096">
    <p class='ocr_par' dir='ltr' id='par_1_23' title="bbox 2110 1024 2367 1096">
     <span class='ocr_line' id='line_1_23' title="bbox 2110 1024 2367 1096; baseline 0.016 -23"><span class='ocrx_word' id='word_1_152' title='bbox 2110 1024 2367 1096; x_wconf 85' lang='grc' dir='ltr'>Χριστοῦ.</span> 
     </span>
    </p>
   </div>
   <div class='ocr_carea' id='block_1_24' title="bbox 2182 1111 3759 1194">
    <p class='ocr_par' dir='ltr' id='par_1_24' title="bbox 2182 1111 3759 1194">
     <span class='ocr_line' id='line_1_24' title="bbox 2182 1111 3759 1194; baseline 0.01 -31"><span class='ocrx_word' id='word_1_153' title='bbox 2182 1134 2210 1162; x_wconf 89' lang='grc'><em>‹‹</em></span> <span class='ocrx_word' id='word_1_154' title='bbox 2265 1111 2567 1185; x_wconf 85' lang='grc' dir='ltr'>Ἡτοίμασα</span> <span class='ocrx_word' id='word_1_155' title='bbox 2626 1113 2830 1191; x_wconf 91' lang='grc' dir='ltr'>λύχνον</span> <span class='ocrx_word' id='word_1_156' title='bbox 2889 1122 2970 1189; x_wconf 81' lang='grc' dir='ltr'>τῷ</span> <span class='ocrx_word' id='word_1_157' title='bbox 3031 1124 3244 1193; x_wconf 83' lang='grc' dir='ltr'>Χριστῷ</span> <span class='ocrx_word' id='word_1_158' title='bbox 3296 1141 3421 1194; x_wconf 89' lang='grc' dir='ltr'>μου.</span> <span class='ocrx_word' id='word_1_159' title='bbox 3478 1145 3508 1171; x_wconf 83' lang='grc'>››</span> <span class='ocrx_word' id='word_1_160' title='bbox 3560 1153 3633 1163; x_wconf 92' lang='lat'><strong><em>—</em></strong></span> <span class='ocrx_word' id='word_1_161' title='bbox 3678 1124 3759 1179; x_wconf 84' lang='grc' dir='ltr'>Ἡ-</span> 
     </span>
    </p>
   </div>
   <div class='ocr_carea' id='block_1_25' title="bbox 2111 1195 3757 1283">
    <p class='ocr_par' dir='ltr' id='par_1_25' title="bbox 2111 1195 3757 1283">
     <span class='ocr_line' id='line_1_25' title="bbox 2111 1195 3757 1283; baseline 0.007 -31"><span class='ocrx_word' id='word_1_162' title='bbox 2111 1195 2350 1273; x_wconf 84' lang='grc' dir='ltr'>δραίωσα</span> <span class='ocrx_word' id='word_1_163' title='bbox 2415 1199 2465 1254; x_wconf 84' lang='grc' dir='ltr'>ἐν</span> <span class='ocrx_word' id='word_1_164' title='bbox 2522 1206 2602 1274; x_wconf 80' lang='grc' dir='ltr'>τῷ</span> <span class='ocrx_word' id='word_1_165' title='bbox 2661 1203 2875 1278; x_wconf 88' lang='grc' dir='ltr'>βασιλεῖ</span> <span class='ocrx_word' id='word_1_166' title='bbox 2929 1226 3035 1278; x_wconf 92' lang='grc' dir='ltr'>μου</span> <span class='ocrx_word' id='word_1_167' title='bbox 3085 1204 3250 1261; x_wconf 77' lang='grc' dir='ltr'>Δαυῗδ</span> <span class='ocrx_word' id='word_1_168' title='bbox 3299 1206 3532 1283; x_wconf 79' lang='grc' dir='ltr'>Αύχνον,</span> <span class='ocrx_word' id='word_1_169' title='bbox 3590 1206 3757 1264; x_wconf 74' lang='grc' dir='ltr'>εἴτουν</span> 
     </span>
    </p>
   </div>
   <div class='ocr_carea' id='block_1_26' title="bbox 2110 1284 3765 1372">
    <p class='ocr_par' dir='ltr' id='par_1_26' title="bbox 2110 1284 3765 1372">
     <span class='ocr_line' id='line_1_26' title="bbox 2110 1284 3765 1372; baseline 0.006 -30"><span class='ocrx_word' id='word_1_170' title='bbox 2110 1284 2355 1344; x_wconf 72' lang='grc' dir='ltr'>εὔκλειαν</span> <span class='ocrx_word' id='word_1_171' title='bbox 2411 1290 2501 1345; x_wconf 76' lang='grc' dir='ltr'>καὶ</span> <span class='ocrx_word' id='word_1_172' title='bbox 2579 1290 2945 1369; x_wconf 83' lang='grc' dir='ltr'>λαμπρότητα</span> <span class='ocrx_word' id='word_1_173' title='bbox 3014 1299 3111 1349; x_wconf 90' lang='grc' dir='ltr'>τοῦ</span> <span class='ocrx_word' id='word_1_174' title='bbox 3186 1297 3373 1372; x_wconf 85' lang='grc' dir='ltr'>γένους</span> <span class='ocrx_word' id='word_1_175' title='bbox 3432 1296 3627 1355; x_wconf 87' lang='grc' dir='ltr'>αὐτοῦ.</span> <span class='ocrx_word' id='word_1_176' title='bbox 3683 1303 3765 1371; x_wconf 53' lang='lat' dir='ltr'>Tt}</span> 
     </span>
    </p>
   </div>
   <div class='ocr_carea' id='block_1_27' title="bbox 2110 1375 3761 1462">
    <p class='ocr_par' dir='ltr' id='par_1_27' title="bbox 2110 1375 3761 1462">
     <span class='ocr_line' id='line_1_27' title="bbox 2110 1375 3761 1462; baseline 0.005 -31"><span class='ocrx_word' id='word_1_177' title='bbox 2110 1384 2316 1453; x_wconf 86' lang='grc' dir='ltr'>σωτῆρι</span> <span class='ocrx_word' id='word_1_178' title='bbox 2365 1375 2423 1433; x_wconf 76' lang='grc' dir='ltr'>δὲ</span> <span class='ocrx_word' id='word_1_179' title='bbox 2483 1379 2701 1457; x_wconf 80' lang='grc' dir='ltr'>Χριστῷ</span> <span class='ocrx_word' id='word_1_180' title='bbox 2748 1382 2837 1436; x_wconf 82' lang='grc' dir='ltr'>καὶ</span> <span class='ocrx_word' id='word_1_181' title='bbox 2896 1387 3013 1455; x_wconf 86' lang='grc' dir='ltr'>Θεῷ</span> <span class='ocrx_word' id='word_1_182' title='bbox 3076 1382 3281 1462; x_wconf 83' lang='grc' dir='ltr'>λύχνος</span> <span class='ocrx_word' id='word_1_183' title='bbox 3341 1384 3690 1459; x_wconf 83' lang='grc' dir='ltr'>έτοιμασθεὶς</span> <span class='ocrx_word' id='word_1_184' title='bbox 3727 1390 3761 1457; x_wconf 79' lang='grc' dir='ltr'><strong>ἡ</strong></span> 
     </span>
    </p>
   </div>
   <div class='ocr_carea' id='block_1_28' title="bbox 2111 1469 3764 1551">
    <p class='ocr_par' dir='ltr' id='par_1_28' title="bbox 2111 1469 3764 1551">
     <span class='ocr_line' id='line_1_28' title="bbox 2111 1469 3764 1551; baseline 0.007 -31"><span class='ocrx_word' id='word_1_185' title='bbox 2111 1473 2598 1532; x_wconf 78' lang='grc' dir='ltr'>κατασκευασθεῖσα</span> <span class='ocrx_word' id='word_1_186' title='bbox 2660 1469 2807 1543; x_wconf 82' lang='grc' dir='ltr'>αὐτῷ</span> <span class='ocrx_word' id='word_1_187' title='bbox 2867 1474 3059 1549; x_wconf 77' lang='grc' dir='ltr'>φαεινὴ</span> <span class='ocrx_word' id='word_1_188' title='bbox 3107 1477 3177 1547; x_wconf 81' lang='grc' dir='ltr'>τῇ</span> <span class='ocrx_word' id='word_1_189' title='bbox 3242 1473 3600 1551; x_wconf 80' lang='grc' dir='ltr'>λαμπρότητι</span> <span class='ocrx_word' id='word_1_190' title='bbox 3667 1483 3764 1545; x_wconf 82' lang='grc' dir='ltr'>τῆς</span> 
     </span>
    </p>
   </div>
   <div class='ocr_carea' id='block_1_29' title="bbox 2112 1553 3763 1642">
    <p class='ocr_par' dir='ltr' id='par_1_29' title="bbox 2112 1553 3763 1642">
     <span class='ocr_line' id='line_1_29' title="bbox 2112 1553 3763 1642; baseline 0.008 -34"><span class='ocrx_word' id='word_1_191' title='bbox 2112 1553 2521 1632; x_wconf 89' lang='grc' dir='ltr'>ἀναμαρτησίας</span> <span class='ocrx_word' id='word_1_192' title='bbox 2572 1558 2722 1631; x_wconf 73' lang='grc' dir='ltr'>σάρξ,</span> <span class='ocrx_word' id='word_1_193' title='bbox 2779 1562 2816 1628; x_wconf 82' lang='grc' dir='ltr'>ἠ</span> <span class='ocrx_word' id='word_1_194' title='bbox 2866 1556 3073 1636; x_wconf 84' lang='grc' dir='ltr'>ἔχουσα</span> <span class='ocrx_word' id='word_1_195' title='bbox 3136 1560 3188 1617; x_wconf 89' lang='grc' dir='ltr'>έν</span> <span class='ocrx_word' id='word_1_196' title='bbox 3266 1563 3431 1637; x_wconf 72' lang='grc' dir='ltr'>ἑαυτῇ</span> <span class='ocrx_word' id='word_1_197' title='bbox 3506 1564 3576 1619; x_wconf 89' lang='grc' dir='ltr'>τὸ</span> <span class='ocrx_word' id='word_1_198' title='bbox 3630 1569 3763 1642; x_wconf 72' lang='grc' dir='ltr'>φῶς·</span> 
     </span>
    </p>
   </div>
   <div class='ocr_carea' id='block_1_30' title="bbox 2110 1646 3767 1729">
    <p class='ocr_par' dir='ltr' id='par_1_30' title="bbox 2110 1646 3767 1729">
     <span class='ocr_line' id='line_1_30' title="bbox 2110 1646 3767 1729; baseline 0.007 -31"><span class='ocrx_word' id='word_1_199' title='bbox 2110 1652 2214 1713; x_wconf 83' lang='grc' dir='ltr'>τῆς</span> <span class='ocrx_word' id='word_1_200' title='bbox 2244 1646 2523 1717; x_wconf 87' lang='grc' dir='ltr'>θεότητος.</span> <span class='ocrx_word' id='word_1_201' title='bbox 2556 1649 2779 1723; x_wconf 87' lang='grc' dir='ltr'>Λέγεται</span> <span class='ocrx_word' id='word_1_202' title='bbox 2810 1646 2870 1704; x_wconf 74' lang='grc' dir='ltr'>δὲ</span> <span class='ocrx_word' id='word_1_203' title='bbox 2917 1649 3125 1726; x_wconf 86' lang='grc' dir='ltr'>λύχνος</span> <span class='ocrx_word' id='word_1_204' title='bbox 3172 1651 3264 1707; x_wconf 86' lang='grc' dir='ltr'>καὶ</span> <span class='ocrx_word' id='word_1_205' title='bbox 3310 1654 3374 1708; x_wconf 90' lang='grc' dir='ltr'>τὸ</span> <span class='ocrx_word' id='word_1_206' title='bbox 3424 1652 3767 1729; x_wconf 80' lang='grc' dir='ltr'>Εὐαγγέλιον</span> 
     </span>
    </p>
   </div>
   <div class='ocr_carea' id='block_1_31' title="bbox 2112 1732 2641 1810">
    <p class='ocr_par' dir='ltr' id='par_1_31' title="bbox 2112 1732 2641 1810">
     <span class='ocr_line' id='line_1_31' title="bbox 2112 1732 2641 1810; baseline 0.008 -23"><span class='ocrx_word' id='word_1_207' title='bbox 2112 1732 2204 1787; x_wconf 88' lang='grc' dir='ltr'>καὶ</span> <span class='ocrx_word' id='word_1_208' title='bbox 2234 1732 2263 1787; x_wconf 85' lang='grc' dir='ltr'>ό</span> <span class='ocrx_word' id='word_1_209' title='bbox 2294 1732 2641 1810; x_wconf 87' lang='grc' dir='ltr'>Πρόδρομος.</span> 
     </span>
    </p>
   </div>
   <div class='ocr_carea' id='block_1_32' title="bbox 2191 1822 3767 1905">
    <p class='ocr_par' dir='ltr' id='par_1_32' title="bbox 2191 1822 3767 1905">
     <span class='ocr_line' id='line_1_32' title="bbox 2191 1822 3767 1905; baseline 0.006 -31"><span class='ocrx_word' id='word_1_210' title='bbox 2191 1846 2212 1873; x_wconf 81' lang='grc' dir='ltr'>ι</span> <span class='ocrx_word' id='word_1_211' title='bbox 2244 1822 2380 1885; x_wconf 78' lang='grc' dir='ltr'>Τοὺς</span> <span class='ocrx_word' id='word_1_212' title='bbox 2407 1823 2639 1900; x_wconf 78' lang='grc' dir='ltr'>ἐχθροὺς</span> <span class='ocrx_word' id='word_1_213' title='bbox 2685 1824 2849 1880; x_wconf 89' lang='grc' dir='ltr'>αὐτοῦ</span> <span class='ocrx_word' id='word_1_214' title='bbox 2898 1823 3099 1881; x_wconf 82' lang='grc' dir='ltr'>ἐνδύσω</span> <span class='ocrx_word' id='word_1_215' title='bbox 3148 1827 3437 1904; x_wconf 77' lang='grc' dir='ltr'>αἲσχύνην.</span> <span class='ocrx_word' id='word_1_216' title='bbox 3475 1850 3505 1881; x_wconf 73' lang='grc' dir='ltr'>ι</span> <span class='ocrx_word' id='word_1_217' title='bbox 3539 1862 3611 1872; x_wconf 92' lang='grc'><strong>-</strong></span> <span class='ocrx_word' id='word_1_218' title='bbox 3643 1829 3767 1905; x_wconf 82' lang='grc' dir='ltr'>Ἐχ-</span> 
     </span>
    </p>
   </div>
   <div class='ocr_carea' id='block_1_33' title="bbox 432 1910 3764 2017">
    <p class='ocr_par' dir='ltr' id='par_1_33' title="bbox 432 1910 3764 2017">
     <span class='ocr_line' id='line_1_33' title="bbox 432 1910 3764 2017; baseline 0.002 -51"><span class='ocrx_word' id='word_1_219' title='bbox 432 1936 462 1966; x_wconf 83' lang='grc'><strong>››</strong></span> <span class='ocrx_word' id='word_1_220' title='bbox 495 1919 707 1970; x_wconf 80' lang='grc' dir='ltr'>Ἕνεκεν</span> <span class='ocrx_word' id='word_1_221' title='bbox 766 1914 929 1973; x_wconf 73' lang='grc' dir='ltr'>Δαυῖδ</span> <span class='ocrx_word' id='word_1_222' title='bbox 982 1923 1081 1973; x_wconf 87' lang='grc' dir='ltr'>τοῦ</span> <span class='ocrx_word' id='word_1_223' title='bbox 1138 1916 1346 1976; x_wconf 90' lang='grc' dir='ltr'>δούλου</span> <span class='ocrx_word' id='word_1_224' title='bbox 1377 1943 1472 1976; x_wconf 90' lang='grc' dir='ltr'>σου</span> <span class='ocrx_word' id='word_1_225' title='bbox 1532 1925 1608 1997; x_wconf 86' lang='grc' dir='ltr'>μή</span> <span class='ocrx_word' id='word_1_226' title='bbox 1665 1925 2008 2001; x_wconf 75' lang='grc' dir='ltr'>ἀποστρέψῃς</span> <span class='ocrx_word' id='word_1_227' title='bbox 2042 1942 2090 2007; x_wconf 83' lang='grc' dir='ltr'><strong>Β</strong></span> <span class='ocrx_word' id='word_1_228' title='bbox 2120 1911 2239 2017; x_wconf 52' lang='lat'>9‘90?</span> <span class='ocrx_word' id='word_1_229' title='bbox 2274 1917 2383 2015; x_wconf 39' lang='grc' dir='ltr'>,τοῦ</span> <span class='ocrx_word' id='word_1_230' title='bbox 2430 1910 2595 2017; x_wconf 48' lang='grc' dir='ltr'>Δαυέδ</span> <span class='ocrx_word' id='word_1_231' title='bbox 2644 1914 2696 2017; x_wconf 75' lang='grc' dir='ltr'>οἱ</span> <span class='ocrx_word' id='word_1_232' title='bbox 2720 1914 2928 2017; x_wconf 32' lang='grc' dir='ltr'>..ἐχθροὶ</span> <span class='ocrx_word' id='word_1_233' title='bbox 2974 1921 3072 1971; x_wconf 91' lang='grc' dir='ltr'>τοῦ</span> <span class='ocrx_word' id='word_1_234' title='bbox 3103 1916 3300 2017; x_wconf 37' lang='grc' dir='ltr'>ιγένους</span> <span class='ocrx_word' id='word_1_235' title='bbox 3348 1917 3764 2017; x_wconf 33' lang='grc' dir='ltr'>αὐτοῦ-*ἐχθροὶ</span> 
     </span>
    </p>
   </div>
   <div class='ocr_carea' id='block_1_34' title="bbox 358 2002 2011 2091">
    <p class='ocr_par' dir='ltr' id='par_1_34' title="bbox 358 2002 2011 2091">
     <span class='ocr_line' id='line_1_34' title="bbox 358 2002 2011 2091; baseline 0.007 -34"><span class='ocrx_word' id='word_1_236' title='bbox 358 2002 424 2057; x_wconf 88' lang='grc' dir='ltr'>τὸ</span> <span class='ocrx_word' id='word_1_237' title='bbox 479 2002 771 2080; x_wconf 90' lang='grc' dir='ltr'>πρόσωπον</span> <span class='ocrx_word' id='word_1_238' title='bbox 828 2011 927 2060; x_wconf 88' lang='grc' dir='ltr'>τοῦ</span> <span class='ocrx_word' id='word_1_239' title='bbox 982 2014 1217 2083; x_wconf 78' lang='grc' dir='ltr'>Χριστοῦ</span> <span class='ocrx_word' id='word_1_240' title='bbox 1274 2031 1388 2067; x_wconf 92' lang='grc' dir='ltr'>σου.</span> <span class='ocrx_word' id='word_1_241' title='bbox 1441 2034 1469 2063; x_wconf 85' lang='grc'><strong>››</strong></span> <span class='ocrx_word' id='word_1_242' title='bbox 1530 2046 1598 2056; x_wconf 85' lang='grc'><strong>-</strong></span> <span class='ocrx_word' id='word_1_243' title='bbox 1653 2019 2011 2091; x_wconf 66' lang='grc' dir='ltr'>Περιφραστι-</span> 
     </span>
    </p>
   </div>
   <div class='ocr_carea' id='block_1_35' title="bbox 357 2092 2003 2178">
    <p class='ocr_par' dir='ltr' id='par_1_35' title="bbox 357 2092 2003 2178">
     <span class='ocr_line' id='line_1_35' title="bbox 357 2092 2003 2178; baseline 0.009 -33"><span class='ocrx_word' id='word_1_244' title='bbox 357 2095 488 2162; x_wconf 86' lang='grc' dir='ltr'>κῶς,</span> <span class='ocrx_word' id='word_1_245' title='bbox 536 2092 637 2147; x_wconf 88' lang='grc' dir='ltr'>Τὸν</span> <span class='ocrx_word' id='word_1_246' title='bbox 697 2095 983 2170; x_wconf 72' lang='grc' dir='ltr'>χρισθέντα</span> <span class='ocrx_word' id='word_1_247' title='bbox 1042 2097 1144 2152; x_wconf 75' lang='grc' dir='ltr'>ὑπὸ</span> <span class='ocrx_word' id='word_1_248' title='bbox 1206 2103 1302 2153; x_wconf 91' lang='grc' dir='ltr'>σοῦ</span> <span class='ocrx_word' id='word_1_249' title='bbox 1361 2100 1437 2162; x_wconf 83' lang='grc' dir='ltr'>εἷς</span> <span class='ocrx_word' id='word_1_250' title='bbox 1485 2101 1547 2155; x_wconf 92' lang='grc' dir='ltr'>τὸ</span> <span class='ocrx_word' id='word_1_251' title='bbox 1597 2100 1785 2178; x_wconf 78' lang='grc' dir='ltr'>ἄρχειν</span> <span class='ocrx_word' id='word_1_252' title='bbox 1843 2105 2003 2176; x_wconf 80' lang='grc' dir='ltr'>ἡμῶν</span> 
     </span>
    </p>
   </div>
   <div class='ocr_carea' id='block_1_36' title="bbox 364 2181 2009 2263">
    <p class='ocr_par' dir='ltr' id='par_1_36' title="bbox 364 2181 2009 2263">
     <span class='ocr_line' id='line_1_36' title="bbox 364 2181 2009 2263; baseline 0.008 -29"><span class='ocrx_word' id='word_1_253' title='bbox 364 2181 439 2252; x_wconf 79' lang='grc' dir='ltr'>μὴ</span> <span class='ocrx_word' id='word_1_254' title='bbox 500 2181 839 2257; x_wconf 73' lang='grc' dir='ltr'>ἀποστρέψῃς</span> <span class='ocrx_word' id='word_1_255' title='bbox 897 2183 1165 2259; x_wconf 81' lang='grc' dir='ltr'>ἄπρακτον</span> <span class='ocrx_word' id='word_1_256' title='bbox 1228 2188 1360 2263; x_wconf 74' lang='grc' dir='ltr'>ὑπὲρ</span> <span class='ocrx_word' id='word_1_257' title='bbox 1413 2193 1511 2243; x_wconf 90' lang='grc' dir='ltr'>τοῦ</span> <span class='ocrx_word' id='word_1_258' title='bbox 1569 2195 1701 2245; x_wconf 88' lang='grc' dir='ltr'>ναοῦ</span> <span class='ocrx_word' id='word_1_259' title='bbox 1766 2191 1856 2245; x_wconf 87' lang='grc' dir='ltr'>καὶ</span> <span class='ocrx_word' id='word_1_260' title='bbox 1910 2194 2009 2260; x_wconf 74' lang='grc' dir='ltr'>τῆς</span> 
     </span>
    </p>
   </div>
   <div class='ocr_carea' id='block_1_37' title="bbox 361 2267 2010 2352">
    <p class='ocr_par' dir='ltr' id='par_1_37' title="bbox 361 2267 2010 2352">
     <span class='ocr_line' id='line_1_37' title="bbox 361 2267 2010 2352; baseline 0.007 -29"><span class='ocrx_word' id='word_1_261' title='bbox 361 2267 578 2332; x_wconf 87' lang='grc' dir='ltr'>πόλεως</span> <span class='ocrx_word' id='word_1_262' title='bbox 634 2271 725 2326; x_wconf 87' lang='grc' dir='ltr'>καὶ</span> <span class='ocrx_word' id='word_1_263' title='bbox 779 2280 880 2342; x_wconf 83' lang='grc' dir='ltr'>τῆς</span> <span class='ocrx_word' id='word_1_264' title='bbox 939 2273 1218 2349; x_wconf 83' lang='grc' dir='ltr'>βασιλείας</span> <span class='ocrx_word' id='word_1_265' title='bbox 1275 2274 1529 2351; x_wconf 88' lang='grc' dir='ltr'>δεόμενον</span> <span class='ocrx_word' id='word_1_266' title='bbox 1594 2280 1711 2352; x_wconf 86' lang='grc' dir='ltr'>μεθ’</span> <span class='ocrx_word' id='word_1_267' title='bbox 1757 2282 1942 2352; x_wconf 86' lang='grc' dir='ltr'>ἡμῶν,</span> <span class='ocrx_word' id='word_1_268' title='bbox 1974 2282 2010 2349; x_wconf 80' lang='grc' dir='ltr'><strong>ἢ</strong></span> 
     </span>
    </p>
   </div>
   <div class='ocr_carea' id='block_1_38' title="bbox 362 2359 2013 2444">
    <p class='ocr_par' dir='ltr' id='par_1_38' title="bbox 362 2359 2013 2444">
     <span class='ocr_line' id='line_1_38' title="bbox 362 2359 2013 2444; baseline 0.006 -31"><span class='ocrx_word' id='word_1_269' title='bbox 362 2359 501 2436; x_wconf 88' lang='grc' dir='ltr'>πρὸς</span> <span class='ocrx_word' id='word_1_270' title='bbox 552 2359 645 2415; x_wconf 87' lang='grc' dir='ltr'>τὸν</span> <span class='ocrx_word' id='word_1_271' title='bbox 702 2362 831 2416; x_wconf 84' lang='grc' dir='ltr'>Θεὸν</span> <span class='ocrx_word' id='word_1_272' title='bbox 882 2364 974 2417; x_wconf 82' lang='grc' dir='ltr'>καὶ</span> <span class='ocrx_word' id='word_1_273' title='bbox 1036 2366 1248 2441; x_wconf 88' lang='grc' dir='ltr'>Πατέρα</span> <span class='ocrx_word' id='word_1_274' title='bbox 1302 2367 1463 2444; x_wconf 78' lang='grc' dir='ltr'>φησὶν</span> <span class='ocrx_word' id='word_1_275' title='bbox 1497 2368 1525 2422; x_wconf 93' lang='lat'>6</span> <span class='ocrx_word' id='word_1_276' title='bbox 1556 2366 1739 2424; x_wconf 73' lang='grc' dir='ltr'>Δαυῗδ.</span> <span class='ocrx_word' id='word_1_277' title='bbox 1800 2368 1863 2423; x_wconf 82' lang='grc' dir='ltr'>Εἰ</span> <span class='ocrx_word' id='word_1_278' title='bbox 1923 2368 2013 2423; x_wconf 80' lang='grc' dir='ltr'>καὶ</span> 
     </span>
    </p>
   </div>
   <div class='ocr_carea' id='block_1_39' title="bbox 369 2443 2013 2529">
    <p class='ocr_par' dir='ltr' id='par_1_39' title="bbox 369 2443 2013 2529">
     <span class='ocr_line' id='line_1_39' title="bbox 369 2443 2013 2529; baseline 0.008 -29"><span class='ocrx_word' id='word_1_279' title='bbox 369 2448 447 2519; x_wconf 78' lang='grc' dir='ltr'>μὴ</span> <span class='ocrx_word' id='word_1_280' title='bbox 503 2443 574 2501; x_wconf 87' lang='grc' dir='ltr'>δι’</span> <span class='ocrx_word' id='word_1_281' title='bbox 620 2446 761 2504; x_wconf 81' lang='grc' dir='ltr'>ἄλλο</span> <span class='ocrx_word' id='word_1_282' title='bbox 817 2473 893 2521; x_wconf 85' lang='grc' dir='ltr'>τι,</span> <span class='ocrx_word' id='word_1_283' title='bbox 926 2451 1071 2508; x_wconf 87' lang='grc' dir='ltr'>ἀλλά</span> <span class='ocrx_word' id='word_1_284' title='bbox 1124 2475 1188 2529; x_wconf 91' lang='grc' dir='ltr'>γε</span> <span class='ocrx_word' id='word_1_285' title='bbox 1244 2443 1322 2509; x_wconf 54' lang='grc' dir='ltr'>δι’</span> <span class='ocrx_word' id='word_1_286' title='bbox 1371 2456 1469 2529; x_wconf 68' lang='grc' dir='ltr'>ἐμὲ</span> <span class='ocrx_word' id='word_1_287' title='bbox 1518 2457 1611 2512; x_wconf 90' lang='grc' dir='ltr'>τὸν</span> <span class='ocrx_word' id='word_1_288' title='bbox 1663 2455 1859 2513; x_wconf 91' lang='grc' dir='ltr'>δοῦλόν</span> <span class='ocrx_word' id='word_1_289' title='bbox 1917 2479 2013 2513; x_wconf 90' lang='grc' dir='ltr'>σου</span> 
     </span>
    </p>
   </div>
   <div class='ocr_carea' id='block_1_40' title="bbox 382 2536 2016 2624">
    <p class='ocr_par' dir='ltr' id='par_1_40' title="bbox 382 2536 2016 2624">
     <span class='ocr_line' id='line_1_40' title="bbox 382 2536 2016 2624; baseline 0.008 -35"><span class='ocrx_word' id='word_1_290' title='bbox 382 2536 459 2608; x_wconf 77' lang='grc' dir='ltr'>μὴ</span> <span class='ocrx_word' id='word_1_291' title='bbox 544 2537 892 2615; x_wconf 79' lang='grc' dir='ltr'>ἀποστρέψῃς</span> <span class='ocrx_word' id='word_1_292' title='bbox 989 2543 1089 2612; x_wconf 77' lang='grc' dir='ltr'>τήν</span> <span class='ocrx_word' id='word_1_293' title='bbox 1185 2542 1492 2623; x_wconf 79' lang='grc' dir='ltr'>ἐπιφάνειαν</span> <span class='ocrx_word' id='word_1_294' title='bbox 1582 2551 1681 2601; x_wconf 90' lang='grc' dir='ltr'>τοῦ</span> <span class='ocrx_word' id='word_1_295' title='bbox 1782 2551 2016 2624; x_wconf 81' lang='grc' dir='ltr'>Χριστοῦ</span> 
     </span>
    </p>
   </div>
   <div class='ocr_carea' id='block_1_41' title="bbox 380 2645 497 2681">
    <p class='ocr_par' dir='ltr' id='par_1_41' title="bbox 380 2645 497 2681">
     <span class='ocr_line' id='line_1_41' title="bbox 380 2645 497 2681; baseline 0.026 -3"><span class='ocrx_word' id='word_1_296' title='bbox 380 2645 497 2681; x_wconf 88' lang='grc' dir='ltr'>σου.</span> 
     </span>
    </p>
   </div>
   <div class='ocr_carea' id='block_1_42' title="bbox 453 2714 2019 2798">
    <p class='ocr_par' dir='ltr' id='par_1_42' title="bbox 453 2714 2019 2798">
     <span class='ocr_line' id='line_1_42' title="bbox 453 2714 2019 2798; baseline 0.009 -32"><span class='ocrx_word' id='word_1_297' title='bbox 453 2737 481 2765; x_wconf 89' lang='grc'>‹‹</span> <span class='ocrx_word' id='word_1_298' title='bbox 508 2714 599 2769; x_wconf 89' lang='grc' dir='ltr'>Ἐκ</span> <span class='ocrx_word' id='word_1_299' title='bbox 642 2721 857 2791; x_wconf 88' lang='grc' dir='ltr'>καρποῦ</span> <span class='ocrx_word' id='word_1_300' title='bbox 902 2726 1001 2789; x_wconf 80' lang='grc' dir='ltr'>τῆς</span> <span class='ocrx_word' id='word_1_301' title='bbox 1045 2719 1261 2784; x_wconf 84' lang='grc' dir='ltr'>κοιλίας</span> <span class='ocrx_word' id='word_1_302' title='bbox 1315 2743 1411 2777; x_wconf 92' lang='grc' dir='ltr'>σου</span> <span class='ocrx_word' id='word_1_303' title='bbox 1474 2725 1712 2798; x_wconf 84' lang='grc' dir='ltr'>θήσομαι</span> <span class='ocrx_word' id='word_1_304' title='bbox 1761 2724 1850 2780; x_wconf 83' lang='grc' dir='ltr'>ἐπὶ</span> <span class='ocrx_word' id='word_1_305' title='bbox 1920 2729 2019 2780; x_wconf 89' lang='grc' dir='ltr'>τοῦ</span> 
     </span>
    </p>
   </div>
   <div class='ocr_carea' id='block_1_43' title="bbox 380 2801 2019 2890">
    <p class='ocr_par' dir='ltr' id='par_1_43' title="bbox 380 2801 2019 2890">
     <span class='ocr_line' id='line_1_43' title="bbox 380 2801 2019 2890; baseline 0.006 -33"><span class='ocrx_word' id='word_1_306' title='bbox 380 2801 571 2890; x_wconf 85' lang='grc' dir='ltr'>θρόνου</span> <span class='ocrx_word' id='word_1_307' title='bbox 614 2825 731 2863; x_wconf 88' lang='grc' dir='ltr'>σου.</span> <span class='ocrx_word' id='word_1_308' title='bbox 766 2831 796 2859; x_wconf 86' lang='grc'>››</span> <span class='ocrx_word' id='word_1_309' title='bbox 827 2840 897 2851; x_wconf 90' lang='lat'>—-</span> <span class='ocrx_word' id='word_1_310' title='bbox 933 2810 1034 2864; x_wconf 89' lang='grc' dir='ltr'>Τὸν</span> <span class='ocrx_word' id='word_1_311' title='bbox 1085 2810 1290 2887; x_wconf 83' lang='grc' dir='ltr'>κυρίως</span> <span class='ocrx_word' id='word_1_312' title='bbox 1347 2812 1575 2884; x_wconf 86' lang='grc' dir='ltr'>βασιλέα</span> <span class='ocrx_word' id='word_1_313' title='bbox 1630 2815 2019 2890; x_wconf 83' lang='grc' dir='ltr'>χαρακτηρίζει</span> 
     </span>
    </p>
   </div>
   <div class='ocr_carea' id='block_1_44' title="bbox 378 2889 2016 2979">
    <p class='ocr_par' dir='ltr' id='par_1_44' title="bbox 378 2889 2016 2979">
     <span class='ocr_line' id='line_1_44' title="bbox 378 2889 2016 2979; baseline 0.008 -35"><span class='ocrx_word' id='word_1_314' title='bbox 378 2889 441 2944; x_wconf 89' lang='grc' dir='ltr'>τὸ</span> <span class='ocrx_word' id='word_1_315' title='bbox 496 2895 804 2965; x_wconf 89' lang='grc' dir='ltr'>νομοθετεῖν</span> <span class='ocrx_word' id='word_1_316' title='bbox 859 2902 978 2960; x_wconf 88' lang='grc' dir='ltr'>τοῖς</span> <span class='ocrx_word' id='word_1_317' title='bbox 1045 2898 1309 2969; x_wconf 84' lang='grc' dir='ltr'>ὑπηκόοις</span> <span class='ocrx_word' id='word_1_318' title='bbox 1376 2901 1541 2956; x_wconf 87' lang='grc' dir='ltr'>αὐτοῦ</span> <span class='ocrx_word' id='word_1_319' title='bbox 1596 2903 1685 2958; x_wconf 83' lang='grc' dir='ltr'>καὶ</span> <span class='ocrx_word' id='word_1_320' title='bbox 1744 2903 2016 2979; x_wconf 81' lang='grc' dir='ltr'>ῥυθμίζειν</span> 
     </span>
    </p>
   </div>
   <div class='ocr_carea' id='block_1_45' title="bbox 379 2977 2015 3065">
    <p class='ocr_par' dir='ltr' id='par_1_45' title="bbox 379 2977 2015 3065">
     <span class='ocr_line' id='line_1_45' title="bbox 379 2977 2015 3065; baseline 0.01 -34"><span class='ocrx_word' id='word_1_321' title='bbox 379 2977 470 3031; x_wconf 85' lang='grc' dir='ltr'>καὶ</span> <span class='ocrx_word' id='word_1_322' title='bbox 524 2982 797 3055; x_wconf 74' lang='grc' dir='ltr'>περιέπειν</span> <span class='ocrx_word' id='word_1_323' title='bbox 856 2983 1069 3057; x_wconf 79' lang='grc' dir='ltr'>αὐτοὺς,</span> <span class='ocrx_word' id='word_1_324' title='bbox 1124 2987 1215 3041; x_wconf 82' lang='grc' dir='ltr'>καὶ</span> <span class='ocrx_word' id='word_1_325' title='bbox 1274 2988 1765 3065; x_wconf 86' lang='grc' dir='ltr'>ὑπεραποθνήσκειν</span> <span class='ocrx_word' id='word_1_326' title='bbox 1820 2990 2015 3049; x_wconf 88' lang='grc' dir='ltr'>αὐτῶν.</span> 
     </span>
    </p>
   </div>
   <div class='ocr_carea' id='block_1_46' title="bbox 375 3068 2019 3153">
    <p class='ocr_par' dir='ltr' id='par_1_46' title="bbox 375 3068 2019 3153">
     <span class='ocr_line' id='line_1_46' title="bbox 375 3068 2019 3153; baseline 0.009 -33"><span class='ocrx_word' id='word_1_327' title='bbox 375 3070 631 3132; x_wconf 88' lang='grc' dir='ltr'>Τοιοῦτος</span> <span class='ocrx_word' id='word_1_328' title='bbox 710 3068 769 3126; x_wconf 75' lang='grc' dir='ltr'>δὲ</span> <span class='ocrx_word' id='word_1_329' title='bbox 831 3073 860 3127; x_wconf 98' lang='lat'>6</span> <span class='ocrx_word' id='word_1_330' title='bbox 916 3075 1164 3149; x_wconf 86' lang='grc' dir='ltr'>Χριστὸς,</span> <span class='ocrx_word' id='word_1_331' title='bbox 1214 3077 1243 3130; x_wconf 84' lang='grc'>6</span> <span class='ocrx_word' id='word_1_332' title='bbox 1298 3076 1508 3148; x_wconf 79' lang='grc' dir='ltr'>ἀληθὴς</span> <span class='ocrx_word' id='word_1_333' title='bbox 1589 3078 1840 3153; x_wconf 83' lang='grc' dir='ltr'>βασιλεὺς</span> <span class='ocrx_word' id='word_1_334' title='bbox 1921 3085 2019 3135; x_wconf 89' lang='grc' dir='ltr'>τοῦ</span> 
     </span>
    </p>
   </div>
   <div class='ocr_carea' id='block_1_47' title="bbox 380 3155 2018 3246">
    <p class='ocr_par' dir='ltr' id='par_1_47' title="bbox 380 3155 2018 3246">
     <span class='ocr_line' id='line_1_47' title="bbox 380 3155 2018 3246; baseline 0.009 -35"><span class='ocrx_word' id='word_1_335' title='bbox 380 3155 622 3233; x_wconf 81' lang='grc' dir='ltr'>Ἰσραὴλ,</span> <span class='ocrx_word' id='word_1_336' title='bbox 654 3158 713 3216; x_wconf 82' lang='grc' dir='ltr'>ἐκ</span> <span class='ocrx_word' id='word_1_337' title='bbox 742 3160 1048 3236; x_wconf 88' lang='grc' dir='ltr'>σπέρματος</span> <span class='ocrx_word' id='word_1_338' title='bbox 1080 3162 1243 3220; x_wconf 74' lang='grc' dir='ltr'>Δαυῒδ</span> <span class='ocrx_word' id='word_1_339' title='bbox 1290 3167 1427 3222; x_wconf 87' lang='grc' dir='ltr'>κατά</span> <span class='ocrx_word' id='word_1_340' title='bbox 1478 3168 1575 3237; x_wconf 80' lang='grc' dir='ltr'>τήν</span> <span class='ocrx_word' id='word_1_341' title='bbox 1628 3168 1838 3246; x_wconf 88' lang='grc' dir='ltr'>μητέρα</span> <span class='ocrx_word' id='word_1_342' title='bbox 1889 3171 2018 3225; x_wconf 87' lang='grc' dir='ltr'>καθ-</span> 
     </span>
    </p>
   </div>
   <div class='ocr_carea' id='block_1_48' title="bbox 378 3248 638 3317">
    <p class='ocr_par' dir='ltr' id='par_1_48' title="bbox 378 3248 638 3317">
     <span class='ocr_line' id='line_1_48' title="bbox 378 3248 638 3317; baseline 0.027 -18"><span class='ocrx_word' id='word_1_343' title='bbox 378 3248 638 3317; x_wconf 86' lang='grc' dir='ltr'>εστηκώς.</span> 
     </span>
    </p>
   </div>
   <div class='ocr_carea' id='block_1_49' title="bbox 2121 2001 3766 2081">
    <p class='ocr_par' dir='ltr' id='par_1_49' title="bbox 2121 2001 3766 2081">
     <span class='ocr_line' id='line_1_49' title="bbox 2121 2001 3766 2081; baseline 0.004 -27"><span class='ocrx_word' id='word_1_344' title='bbox 2121 2001 2179 2054; x_wconf 75' lang='grc' dir='ltr'>δὲ</span> <span class='ocrx_word' id='word_1_345' title='bbox 2208 2005 2304 2055; x_wconf 89' lang='grc' dir='ltr'>τοῦ</span> <span class='ocrx_word' id='word_1_346' title='bbox 2333 2008 2566 2076; x_wconf 78' lang='grc' dir='ltr'>Χριστοῦ</span> <span class='ocrx_word' id='word_1_347' title='bbox 2614 2004 2667 2058; x_wconf 89' lang='grc' dir='ltr'>οἱ</span> <span class='ocrx_word' id='word_1_348' title='bbox 2717 2001 2988 2077; x_wconf 88' lang='grc' dir='ltr'>δαίμονες,</span> <span class='ocrx_word' id='word_1_349' title='bbox 3029 2006 3120 2060; x_wconf 82' lang='grc' dir='ltr'>καὶ</span> <span class='ocrx_word' id='word_1_350' title='bbox 3166 2008 3360 2069; x_wconf 89' lang='grc' dir='ltr'>πάντες</span> <span class='ocrx_word' id='word_1_351' title='bbox 3413 2009 3469 2062; x_wconf 89' lang='grc' dir='ltr'>οἱ</span> <span class='ocrx_word' id='word_1_352' title='bbox 3505 2012 3579 2081; x_wconf 84' lang='grc' dir='ltr'>τῇ</span> <span class='ocrx_word' id='word_1_353' title='bbox 3628 2005 3766 2078; x_wconf 83' lang='grc' dir='ltr'>ἀλη-</span> 
     </span>
    </p>
   </div>
   <div class='ocr_carea' id='block_1_50' title="bbox 2121 2089 3767 2172">
    <p class='ocr_par' dir='ltr' id='par_1_50' title="bbox 2121 2089 3767 2172">
     <span class='ocr_line' id='line_1_50' title="bbox 2121 2089 3767 2172; baseline 0.005 -29"><span class='ocrx_word' id='word_1_354' title='bbox 2121 2089 2237 2161; x_wconf 89' lang='grc' dir='ltr'>θείᾳ</span> <span class='ocrx_word' id='word_1_355' title='bbox 2304 2090 2696 2168; x_wconf 65' lang='grc' dir='ltr'>ἐχθραίνοντες*</span> <span class='ocrx_word' id='word_1_356' title='bbox 2757 2094 2809 2147; x_wconf 85' lang='grc' dir='ltr'>οἱ</span> <span class='ocrx_word' id='word_1_357' title='bbox 2884 2094 3191 2167; x_wconf 88' lang='grc' dir='ltr'>σύμπαντες</span> <span class='ocrx_word' id='word_1_358' title='bbox 3282 2096 3767 2172; x_wconf 79' lang='grc' dir='ltr'>αἰσχυνθήσονται,</span> 
     </span>
    </p>
   </div>
   <div class='ocr_carea' id='block_1_51' title="bbox 2120 2178 3491 2258">
    <p class='ocr_par' dir='ltr' id='par_1_51' title="bbox 2120 2178 3491 2258">
     <span class='ocr_line' id='line_1_51' title="bbox 2120 2178 3491 2258; baseline 0.005 -25"><span class='ocrx_word' id='word_1_359' title='bbox 2120 2178 2211 2234; x_wconf 81' lang='grc' dir='ltr'>καὶ</span> <span class='ocrx_word' id='word_1_360' title='bbox 2245 2179 2481 2253; x_wconf 86' lang='grc' dir='ltr'>μάλιστα</span> <span class='ocrx_word' id='word_1_361' title='bbox 2517 2182 2653 2237; x_wconf 85' lang='grc' dir='ltr'>κατά</span> <span class='ocrx_word' id='word_1_362' title='bbox 2680 2183 2778 2251; x_wconf 80' lang='grc' dir='ltr'>τήν</span> <span class='ocrx_word' id='word_1_363' title='bbox 2806 2183 3147 2258; x_wconf 88' lang='grc' dir='ltr'>παγκόσμιον</span> <span class='ocrx_word' id='word_1_364' title='bbox 3180 2184 3491 2241; x_wconf 87' lang='grc' dir='ltr'>ἀνάστασιν.</span> 
     </span>
    </p>
   </div>
   <div class='ocr_carea' id='block_1_52' title="bbox 2198 2269 3778 2349">
    <p class='ocr_par' dir='ltr' id='par_1_52' title="bbox 2198 2269 3778 2349">
     <span class='ocr_line' id='line_1_52' title="bbox 2198 2269 3778 2349; baseline 0.005 -27"><span class='ocrx_word' id='word_1_365' title='bbox 2198 2292 2227 2322; x_wconf 74' lang='grc' dir='ltr'>α</span> <span class='ocrx_word' id='word_1_366' title='bbox 2266 2270 2386 2324; x_wconf 85' lang='grc' dir='ltr'>Ἐπὶ</span> <span class='ocrx_word' id='word_1_367' title='bbox 2433 2269 2490 2325; x_wconf 77' lang='grc' dir='ltr'>δὲ</span> <span class='ocrx_word' id='word_1_368' title='bbox 2538 2271 2696 2326; x_wconf 90' lang='grc' dir='ltr'>αὐτὸν</span> <span class='ocrx_word' id='word_1_369' title='bbox 2729 2270 3001 2345; x_wconf 83' lang='grc' dir='ltr'>έξανθήσει</span> <span class='ocrx_word' id='word_1_370' title='bbox 3057 2274 3120 2328; x_wconf 86' lang='grc' dir='ltr'>τὸ</span> <span class='ocrx_word' id='word_1_371' title='bbox 3181 2274 3425 2349; x_wconf 84' lang='grc' dir='ltr'>ἀγίασμά</span> <span class='ocrx_word' id='word_1_372' title='bbox 3486 2295 3618 2347; x_wconf 88' lang='grc' dir='ltr'>μου.</span> <span class='ocrx_word' id='word_1_373' title='bbox 3654 2298 3683 2325; x_wconf 69' lang='grc' dir='ltr'>ιι</span> <span class='ocrx_word' id='word_1_374' title='bbox 3712 2306 3778 2316; x_wconf 91' lang='grc'><strong><em>-</em></strong></span> 
     </span>
    </p>
   </div>
   <div class='ocr_carea' id='block_1_53' title="bbox 2124 2358 3781 2432">
    <p class='ocr_par' dir='ltr' id='par_1_53' title="bbox 2124 2358 3781 2432">
     <span class='ocr_line' id='line_1_53' title="bbox 2124 2358 3781 2432; baseline 0.002 -20"><span class='ocrx_word' id='word_1_375' title='bbox 2124 2358 2242 2412; x_wconf 86' lang='grc' dir='ltr'>Ἐπ’</span> <span class='ocrx_word' id='word_1_376' title='bbox 2297 2358 2456 2414; x_wconf 89' lang='grc' dir='ltr'>αὐτὸν</span> <span class='ocrx_word' id='word_1_377' title='bbox 2515 2359 2634 2415; x_wconf 85' lang='grc' dir='ltr'>ἀντὶ</span> <span class='ocrx_word' id='word_1_378' title='bbox 2685 2365 2783 2415; x_wconf 91' lang='grc' dir='ltr'>τοῦ</span> <span class='ocrx_word' id='word_1_379' title='bbox 2842 2362 2960 2416; x_wconf 82' lang='grc' dir='ltr'>κατ’</span> <span class='ocrx_word' id='word_1_380' title='bbox 3005 2362 3166 2417; x_wconf 90' lang='grc' dir='ltr'>αὐτὸν</span> <span class='ocrx_word' id='word_1_381' title='bbox 3239 2361 3427 2432; x_wconf 82' lang='grc' dir='ltr'>Δαυὶδ,</span> <span class='ocrx_word' id='word_1_382' title='bbox 3468 2360 3603 2431; x_wconf 77' lang='grc' dir='ltr'>ἤτοι</span> <span class='ocrx_word' id='word_1_383' title='bbox 3651 2364 3781 2417; x_wconf 75' lang='grc' dir='ltr'>κατά</span> 
     </span>
    </p>
   </div>
   <div class='ocr_carea' id='block_1_54' title="bbox 2122 2446 3778 2527">
    <p class='ocr_par' dir='ltr' id='par_1_54' title="bbox 2122 2446 3778 2527">
     <span class='ocr_line' id='line_1_54' title="bbox 2122 2446 3778 2527; baseline 0.004 -27"><span class='ocrx_word' id='word_1_384' title='bbox 2122 2446 2221 2515; x_wconf 77' lang='grc' dir='ltr'>τὴν</span> <span class='ocrx_word' id='word_1_385' title='bbox 2291 2447 2475 2522; x_wconf 79' lang='grc' dir='ltr'>γενεὰν</span> <span class='ocrx_word' id='word_1_386' title='bbox 2541 2447 2706 2503; x_wconf 91' lang='grc' dir='ltr'>αὐτοῦ</span> <span class='ocrx_word' id='word_1_387' title='bbox 2765 2447 3219 2527; x_wconf 76' lang='grc' dir='ltr'>φαιδρυνθήσεται</span> <span class='ocrx_word' id='word_1_388' title='bbox 3295 2449 3520 2516; x_wconf 83' lang='grc' dir='ltr'>θάλλων</span> <span class='ocrx_word' id='word_1_389' title='bbox 3576 2454 3609 2506; x_wconf 92' lang='lat'>6</span> <span class='ocrx_word' id='word_1_390' title='bbox 3656 2452 3778 2513; x_wconf 73' lang='grc' dir='ltr'>ναός</span> 
     </span>
    </p>
   </div>
   <div class='ocr_carea' id='block_1_55' title="bbox 2129 2534 3779 2617">
    <p class='ocr_par' dir='ltr' id='par_1_55' title="bbox 2129 2534 3779 2617">
     <span class='ocr_line' id='line_1_55' title="bbox 2129 2534 3779 2617; baseline 0.002 -28"><span class='ocrx_word' id='word_1_391' title='bbox 2129 2556 2254 2606; x_wconf 90' lang='grc' dir='ltr'>μου.</span> <span class='ocrx_word' id='word_1_392' title='bbox 2285 2537 2434 2599; x_wconf 74' lang='grc' dir='ltr'>Τινὲς</span> <span class='ocrx_word' id='word_1_393' title='bbox 2466 2534 2525 2591; x_wconf 72' lang='grc' dir='ltr'>δὲ</span> <span class='ocrx_word' id='word_1_394' title='bbox 2551 2538 2712 2613; x_wconf 92' lang='grc' dir='ltr'>κέρας</span> <span class='ocrx_word' id='word_1_395' title='bbox 2741 2540 2831 2593; x_wconf 87' lang='grc' dir='ltr'>καὶ</span> <span class='ocrx_word' id='word_1_396' title='bbox 2863 2538 3067 2615; x_wconf 88' lang='grc' dir='ltr'>λύχνον</span> <span class='ocrx_word' id='word_1_397' title='bbox 3114 2541 3206 2595; x_wconf 90' lang='grc' dir='ltr'>τὸν</span> <span class='ocrx_word' id='word_1_398' title='bbox 3257 2535 3579 2617; x_wconf 78' lang='grc' dir='ltr'>Ζοροϐάϐελ</span> <span class='ocrx_word' id='word_1_399' title='bbox 3631 2540 3779 2615; x_wconf 76' lang='grc' dir='ltr'>φασὶ,</span> 
     </span>
    </p>
   </div>
   <div class='ocr_carea' id='block_1_56' title="bbox 2124 2624 3780 2706">
    <p class='ocr_par' dir='ltr' id='par_1_56' title="bbox 2124 2624 3780 2706">
     <span class='ocr_line' id='line_1_56' title="bbox 2124 2624 3780 2706; baseline 0.002 -27"><span class='ocrx_word' id='word_1_400' title='bbox 2124 2624 2215 2679; x_wconf 81' lang='grc' dir='ltr'>καὶ</span> <span class='ocrx_word' id='word_1_401' title='bbox 2261 2624 2458 2680; x_wconf 89' lang='grc' dir='ltr'>τούτου</span> <span class='ocrx_word' id='word_1_402' title='bbox 2506 2624 2726 2702; x_wconf 81' lang='grc' dir='ltr'>λέγουσι</span> <span class='ocrx_word' id='word_1_403' title='bbox 2772 2627 2900 2690; x_wconf 78' lang='grc' dir='ltr'>τοὺς</span> <span class='ocrx_word' id='word_1_404' title='bbox 2964 2628 3196 2706; x_wconf 80' lang='grc' dir='ltr'>ἐχθροὺς</span> <span class='ocrx_word' id='word_1_405' title='bbox 3253 2629 3645 2705; x_wconf 78' lang='grc' dir='ltr'>αἰσχυνθῆναι,</span> <span class='ocrx_word' id='word_1_406' title='bbox 3692 2631 3780 2683; x_wconf 81' lang='grc' dir='ltr'>καὶ</span> 
     </span>
    </p>
   </div>
   <div class='ocr_carea' id='block_1_57' title="bbox 2127 2711 3784 2795">
    <p class='ocr_par' dir='ltr' id='par_1_57' title="bbox 2127 2711 3784 2795">
     <span class='ocr_line' id='line_1_57' title="bbox 2127 2711 3784 2795; baseline 0.005 -29"><span class='ocrx_word' id='word_1_407' title='bbox 2127 2711 2214 2766; x_wconf 77' lang='grc' dir='ltr'>ἐπὶ</span> <span class='ocrx_word' id='word_1_408' title='bbox 2274 2720 2375 2783; x_wconf 85' lang='grc' dir='ltr'>τῆς</span> <span class='ocrx_word' id='word_1_409' title='bbox 2425 2713 2703 2790; x_wconf 87' lang='grc' dir='ltr'>βασιλείας</span> <span class='ocrx_word' id='word_1_410' title='bbox 2750 2715 2913 2771; x_wconf 89' lang='grc' dir='ltr'>αὐτοῦ</span> <span class='ocrx_word' id='word_1_411' title='bbox 2961 2716 3241 2789; x_wconf 76' lang='grc' dir='ltr'>ἐξανθῆσαι</span> <span class='ocrx_word' id='word_1_412' title='bbox 3297 2720 3391 2773; x_wconf 86' lang='grc' dir='ltr'>τὸν</span> <span class='ocrx_word' id='word_1_413' title='bbox 3456 2719 3784 2795; x_wconf 80' lang='grc' dir='ltr'>ἀπομαραν-</span> 
     </span>
    </p>
   </div>
   <div class='ocr_carea' id='block_1_58' title="bbox 2129 2800 3775 2884">
    <p class='ocr_par' dir='ltr' id='par_1_58' title="bbox 2129 2800 3775 2884">
     <span class='ocr_line' id='line_1_58' title="bbox 2129 2800 3775 2884; baseline 0.004 -29"><span class='ocrx_word' id='word_1_414' title='bbox 2129 2801 2285 2865; x_wconf 89' lang='grc' dir='ltr'>θέντα</span> <span class='ocrx_word' id='word_1_415' title='bbox 2339 2800 2509 2858; x_wconf 88' lang='grc' dir='ltr'>πάλαι</span> <span class='ocrx_word' id='word_1_416' title='bbox 2561 2804 2710 2860; x_wconf 72' lang='grc' dir='ltr'>ναόψ</span> <span class='ocrx_word' id='word_1_417' title='bbox 2766 2805 3125 2882; x_wconf 89' lang='grc' dir='ltr'>ἀναγωγικῶς</span> <span class='ocrx_word' id='word_1_418' title='bbox 3185 2804 3263 2881; x_wconf 74' lang='grc' dir='ltr'>δὲ,</span> <span class='ocrx_word' id='word_1_419' title='bbox 3296 2806 3374 2869; x_wconf 82' lang='grc' dir='ltr'>εἷς</span> <span class='ocrx_word' id='word_1_420' title='bbox 3420 2807 3514 2862; x_wconf 88' lang='grc' dir='ltr'>τὸν</span> <span class='ocrx_word' id='word_1_421' title='bbox 3549 2808 3775 2884; x_wconf 84' lang='grc' dir='ltr'>Χριστὸν</span> 
     </span>
    </p>
   </div>
   <div class='ocr_carea' id='block_1_59' title="bbox 2127 2888 3781 2972">
    <p class='ocr_par' dir='ltr' id='par_1_59' title="bbox 2127 2888 3781 2972">
     <span class='ocr_line' id='line_1_59' title="bbox 2127 2888 3781 2972; baseline 0.004 -27"><span class='ocrx_word' id='word_1_422' title='bbox 2127 2888 2399 2961; x_wconf 79' lang='grc' dir='ltr'>έξανθήσει</span> <span class='ocrx_word' id='word_1_423' title='bbox 2431 2894 2465 2962; x_wconf 81' lang='grc' dir='ltr'>ἠ</span> <span class='ocrx_word' id='word_1_424' title='bbox 2501 2893 2623 2970; x_wconf 81' lang='grc' dir='ltr'>ἁγία</span> <span class='ocrx_word' id='word_1_425' title='bbox 2671 2894 2989 2967; x_wconf 83' lang='grc' dir='ltr'>Ἐκκλησία,</span> <span class='ocrx_word' id='word_1_426' title='bbox 3024 2898 3061 2966; x_wconf 82' lang='grc' dir='ltr'><strong>ἡ</strong></span> <span class='ocrx_word' id='word_1_427' title='bbox 3111 2897 3336 2972; x_wconf 83' lang='grc' dir='ltr'>ἀγιάζου</span> <span class='ocrx_word' id='word_1_428' title='bbox 3388 2917 3458 2951; x_wconf 89' lang='grc' dir='ltr'>σα</span> <span class='ocrx_word' id='word_1_429' title='bbox 3506 2895 3643 2959; x_wconf 73' lang='grc' dir='ltr'>τοὺς</span> <span class='ocrx_word' id='word_1_430' title='bbox 3690 2895 3781 2972; x_wconf 79' lang='grc' dir='ltr'>ὀρ-</span> 
     </span>
    </p>
   </div>
   <div class='ocr_carea' id='block_1_60' title="bbox 2127 2980 3780 3059">
    <p class='ocr_par' dir='ltr' id='par_1_60' title="bbox 2127 2980 3780 3059">
     <span class='ocr_line' id='line_1_60' title="bbox 2127 2980 3780 3059; baseline 0.004 -26"><span class='ocrx_word' id='word_1_431' title='bbox 2127 2980 2236 3042; x_wconf 88' lang='grc' dir='ltr'>θῶς</span> <span class='ocrx_word' id='word_1_432' title='bbox 2286 2983 2787 3059; x_wconf 76' lang='grc' dir='ltr'>προσερχομένους,</span> <span class='ocrx_word' id='word_1_433' title='bbox 2832 2984 2923 3039; x_wconf 83' lang='grc' dir='ltr'>καὶ</span> <span class='ocrx_word' id='word_1_434' title='bbox 2965 2984 3124 3039; x_wconf 90' lang='grc' dir='ltr'>αὐτὸν</span> <span class='ocrx_word' id='word_1_435' title='bbox 3175 2983 3228 3047; x_wconf 77' lang='grc' dir='ltr'>ές</span> <span class='ocrx_word' id='word_1_436' title='bbox 3290 2981 3457 3050; x_wconf 70' lang='grc' dir='ltr'>ἄνθος</span> <span class='ocrx_word' id='word_1_437' title='bbox 3521 2985 3616 3040; x_wconf 78' lang='grc' dir='ltr'>καὶ</span> <span class='ocrx_word' id='word_1_438' title='bbox 3696 2986 3780 3040; x_wconf 73' lang='grc' dir='ltr'>εύ-</span> 
     </span>
    </p>
   </div>
   <div class='ocr_carea' id='block_1_61' title="bbox 2126 3068 2403 3144">
    <p class='ocr_par' dir='ltr' id='par_1_61' title="bbox 2126 3068 2403 3144">
     <span class='ocr_line' id='line_1_61' title="bbox 2126 3068 2403 3144; baseline 0.007 -20"><span class='ocrx_word' id='word_1_439' title='bbox 2126 3068 2403 3144; x_wconf 87' lang='grc' dir='ltr'>πρέπειαν.</span> 
     </span>
    </p>
   </div>
   <div class='ocr_carea' id='block_1_62' title="bbox 2689 3218 3185 3274">
    <p class='ocr_par' dir='ltr' id='par_1_62' title="bbox 2689 3218 3185 3274">
     <span class='ocr_line' id='line_1_62' title="bbox 2689 3218 3185 3274; baseline 0.006 -3"><span class='ocrx_word' id='word_1_440' title='bbox 2689 3218 2982 3273; x_wconf 79' lang='grc' dir='ltr'>ΨΑΛΜΟΣ</span> <span class='ocrx_word' id='word_1_441' title='bbox 3022 3223 3105 3273; x_wconf 77' lang='lat' dir='ltr'>PA</span> <span class='ocrx_word' id='word_1_442' title='bbox 3114 3223 3185 3274; x_wconf 56' lang='grc' dir='ltr'>ΒΖ</span> 
     </span>
    </p>
   </div>
   <div class='ocr_carea' id='block_1_63' title="bbox 453 3309 3792 3432">
    <p class='ocr_par' dir='ltr' id='par_1_63' title="bbox 453 3309 3792 3432">
     <span class='ocr_line' id='line_1_63' title="bbox 453 3309 3792 3432; baseline 0.004 -41"><span class='ocrx_word' id='word_1_443' title='bbox 453 3309 632 3432; x_wconf 40' lang='grc' dir='ltr'>(Ἐὰν</span> <span class='ocrx_word' id='word_1_444' title='bbox 692 3338 1041 3432; x_wconf 16' lang='grc' dir='ltr'>(ρυλάξωνται,</span> <span class='ocrx_word' id='word_1_445' title='bbox 1090 3344 1144 3397; x_wconf 86' lang='grc' dir='ltr'>οἱ</span> <span class='ocrx_word' id='word_1_446' title='bbox 1204 3344 1313 3399; x_wconf 88' lang='grc' dir='ltr'>υἱοί</span> <span class='ocrx_word' id='word_1_447' title='bbox 1384 3312 1491 3399; x_wconf 23' lang='grc' dir='ltr'>’σου</span> <span class='ocrx_word' id='word_1_448' title='bbox 1571 3347 1671 3432; x_wconf 76' lang='grc' dir='ltr'>τὴν</span> <span class='ocrx_word' id='word_1_449' title='bbox 1754 3345 2017 3419; x_wconf 75' lang='grc' dir='ltr'>διαθήκην</span> <span class='ocrx_word' id='word_1_450' title='bbox 2050 3309 2095 3376; x_wconf 78' lang='lat' dir='ltr'>C</span> <span class='ocrx_word' id='word_1_451' title='bbox 2205 3382 2234 3411; x_wconf 88' lang='grc'><strong>((</strong></span> <span class='ocrx_word' id='word_1_452' title='bbox 2265 3355 2404 3412; x_wconf 76' lang='grc' dir='ltr'>Ἰδοὺ</span> <span class='ocrx_word' id='word_1_453' title='bbox 2456 3355 2524 3427; x_wconf 76' lang='grc' dir='ltr'><strong>δὴ</strong></span> <span class='ocrx_word' id='word_1_454' title='bbox 2563 3358 2615 3412; x_wconf 80' lang='grc' dir='ltr'>τί</span> <span class='ocrx_word' id='word_1_455' title='bbox 2644 3357 2835 3427; x_wconf 65' lang='grc' dir='ltr'>καλὸν,</span> <span class='ocrx_word' id='word_1_456' title='bbox 2865 3360 2901 3428; x_wconf 73' lang='grc' dir='ltr'><strong>ἢ</strong></span> <span class='ocrx_word' id='word_1_457' title='bbox 2932 3359 3262 3432; x_wconf 36' lang='lat' dir='ltr'>duramen,</span> <span class='ocrx_word' id='word_1_458' title='bbox 3293 3357 3421 3415; x_wconf 77' lang='grc' dir='ltr'>ἀλλ’</span> <span class='ocrx_word' id='word_1_459' title='bbox 3468 3361 3509 3429; x_wconf 72' lang='grc' dir='ltr'><strong>ἢ</strong></span> <span class='ocrx_word' id='word_1_460' title='bbox 3556 3361 3628 3415; x_wconf 72' lang='grc' dir='ltr'>τὸ</span> <span class='ocrx_word' id='word_1_461' title='bbox 3670 3382 3792 3415; x_wconf 69' lang='grc' dir='ltr'>κατ-</span> 
     </span>
    </p>
   </div>
   <div class='ocr_carea' id='block_1_64' title="bbox 383 3424 2019 3507">
    <p class='ocr_par' dir='ltr' id='par_1_64' title="bbox 383 3424 2019 3507">
     <span class='ocr_line' id='line_1_64' title="bbox 383 3424 2019 3507; baseline 0.007 -30"><span class='ocrx_word' id='word_1_462' title='bbox 383 3444 508 3495; x_wconf 89' lang='grc' dir='ltr'>μου,</span> <span class='ocrx_word' id='word_1_463' title='bbox 534 3424 625 3480; x_wconf 85' lang='grc' dir='ltr'>καὶ</span> <span class='ocrx_word' id='word_1_464' title='bbox 666 3427 734 3483; x_wconf 84' lang='grc' dir='ltr'>τά</span> <span class='ocrx_word' id='word_1_465' title='bbox 782 3429 1049 3507; x_wconf 88' lang='grc' dir='ltr'>μαρτύριά</span> <span class='ocrx_word' id='word_1_466' title='bbox 1097 3453 1202 3505; x_wconf 91' lang='grc' dir='ltr'>μου</span> <span class='ocrx_word' id='word_1_467' title='bbox 1250 3437 1417 3488; x_wconf 89' lang='grc' dir='ltr'>ταῦτα</span> <span class='ocrx_word' id='word_1_468' title='bbox 1445 3433 1480 3488; x_wconf 76' lang='grc' dir='ltr'>ἃ</span> <span class='ocrx_word' id='word_1_469' title='bbox 1506 3431 1702 3505; x_wconf 81' lang='grc' dir='ltr'>διδάξω</span> <span class='ocrx_word' id='word_1_470' title='bbox 1741 3435 1957 3499; x_wconf 84' lang='grc' dir='ltr'>αὐτούς.</span> <span class='ocrx_word' id='word_1_471' title='bbox 1989 3460 2019 3489; x_wconf 84' lang='grc'><strong>››</strong></span> 
     </span>
    </p>
   </div>
   <div class='ocr_carea' id='block_1_65' title="bbox 384 3516 2023 3598">
    <p class='ocr_par' dir='ltr' id='par_1_65' title="bbox 384 3516 2023 3598">
     <span class='ocr_line' id='line_1_65' title="bbox 384 3516 2023 3598; baseline 0.008 -31"><span class='ocrx_word' id='word_1_472' title='bbox 384 3544 451 3555; x_wconf 93' lang='lat'><strong>—</strong></span> <span class='ocrx_word' id='word_1_473' title='bbox 483 3516 672 3593; x_wconf 80' lang='grc' dir='ltr'>Σαφής</span> <span class='ocrx_word' id='word_1_474' title='bbox 732 3517 827 3590; x_wconf 79' lang='grc' dir='ltr'>μὲν</span> <span class='ocrx_word' id='word_1_475' title='bbox 882 3521 924 3589; x_wconf 72' lang='grc' dir='ltr'><strong>ἡ</strong></span> <span class='ocrx_word' id='word_1_476' title='bbox 977 3520 1113 3575; x_wconf 88' lang='grc' dir='ltr'>κατά</span> <span class='ocrx_word' id='word_1_477' title='bbox 1164 3521 1228 3576; x_wconf 90' lang='grc' dir='ltr'>τὸ</span> <span class='ocrx_word' id='word_1_478' title='bbox 1277 3519 1570 3598; x_wconf 82' lang='grc' dir='ltr'>πρόχειρον</span> <span class='ocrx_word' id='word_1_479' title='bbox 1604 3521 1782 3579; x_wconf 88' lang='grc' dir='ltr'>ἔννοια</span> <span class='ocrx_word' id='word_1_480' title='bbox 1839 3525 2023 3580; x_wconf 89' lang='grc' dir='ltr'>ένταυ-</span> 
     </span>
    </p>
   </div>
   <div class='ocr_carea' id='block_1_66' title="bbox 385 3602 2025 3691">
    <p class='ocr_par' dir='ltr' id='par_1_66' title="bbox 385 3602 2025 3691">
     <span class='ocr_line' id='line_1_66' title="bbox 385 3602 2025 3691; baseline 0.009 -35"><span class='ocrx_word' id='word_1_481' title='bbox 385 3606 495 3691; x_wconf 83' lang='grc' dir='ltr'>θοῖ,</span> <span class='ocrx_word' id='word_1_482' title='bbox 525 3603 661 3659; x_wconf 82' lang='grc' dir='ltr'>κατὰ</span> <span class='ocrx_word' id='word_1_483' title='bbox 717 3602 776 3660; x_wconf 76' lang='grc' dir='ltr'>δὲ</span> <span class='ocrx_word' id='word_1_484' title='bbox 816 3605 1130 3684; x_wconf 76' lang='grc' dir='ltr'>ἀναγωγὴν,</span> <span class='ocrx_word' id='word_1_485' title='bbox 1160 3610 1237 3673; x_wconf 88' lang='grc' dir='ltr'>ὡς</span> <span class='ocrx_word' id='word_1_486' title='bbox 1282 3612 1387 3666; x_wconf 90' lang='grc' dir='ltr'>ἀπὸ</span> <span class='ocrx_word' id='word_1_487' title='bbox 1433 3616 1530 3666; x_wconf 90' lang='grc' dir='ltr'>τοῦ</span> <span class='ocrx_word' id='word_1_488' title='bbox 1559 3613 1770 3689; x_wconf 88' lang='grc' dir='ltr'>Πατρὸς</span> <span class='ocrx_word' id='word_1_489' title='bbox 1799 3615 1829 3669; x_wconf 91' lang='lat'>6</span> <span class='ocrx_word' id='word_1_490' title='bbox 1859 3611 2025 3691; x_wconf 89' lang='grc' dir='ltr'>λόγος</span> 
     </span>
    </p>
   </div>
   <div class='ocr_carea' id='block_1_67' title="bbox 382 3690 2022 3780">
    <p class='ocr_par' dir='ltr' id='par_1_67' title="bbox 382 3690 2022 3780">
     <span class='ocr_line' id='line_1_67' title="bbox 382 3690 2022 3780; baseline 0.009 -36"><span class='ocrx_word' id='word_1_491' title='bbox 382 3690 521 3767; x_wconf 89' lang='grc' dir='ltr'>πρὸς</span> <span class='ocrx_word' id='word_1_492' title='bbox 576 3692 667 3747; x_wconf 89' lang='grc' dir='ltr'>τὸν</span> <span class='ocrx_word' id='word_1_493' title='bbox 727 3695 977 3769; x_wconf 74' lang='grc' dir='ltr'>Χριστόνο</span> <span class='ocrx_word' id='word_1_494' title='bbox 1032 3698 1153 3753; x_wconf 88' lang='grc' dir='ltr'>Ἒάν</span> <span class='ocrx_word' id='word_1_495' title='bbox 1210 3698 1307 3762; x_wconf 82' lang='grc' dir='ltr'>τὰς</span> <span class='ocrx_word' id='word_1_496' title='bbox 1358 3698 1446 3755; x_wconf 79' lang='grc' dir='ltr'>διὰ</span> <span class='ocrx_word' id='word_1_497' title='bbox 1502 3705 1597 3755; x_wconf 92' lang='grc' dir='ltr'>σοῦ</span> <span class='ocrx_word' id='word_1_498' title='bbox 1641 3690 2022 3780; x_wconf 88' lang='grc' dir='ltr'>δεδιδαγμένας</span> 
     </span>
    </p>
   </div>
   <div class='ocr_carea' id='block_1_68' title="bbox 378 3781 2023 3865">
    <p class='ocr_par' dir='ltr' id='par_1_68' title="bbox 378 3781 2023 3865">
     <span class='ocr_line' id='line_1_68' title="bbox 378 3781 2023 3865; baseline 0.009 -32"><span class='ocrx_word' id='word_1_499' title='bbox 378 3782 691 3856; x_wconf 89' lang='grc' dir='ltr'>τηρήσωσιν</span> <span class='ocrx_word' id='word_1_500' title='bbox 742 3784 795 3838; x_wconf 89' lang='grc' dir='ltr'>οἱ</span> <span class='ocrx_word' id='word_1_501' title='bbox 851 3781 940 3839; x_wconf 75' lang='grc' dir='ltr'>διὰ</span> <span class='ocrx_word' id='word_1_502' title='bbox 985 3786 1218 3851; x_wconf 87' lang='grc' dir='ltr'>πίστεως</span> <span class='ocrx_word' id='word_1_503' title='bbox 1275 3788 1364 3843; x_wconf 82' lang='grc' dir='ltr'>καὶ</span> <span class='ocrx_word' id='word_1_504' title='bbox 1426 3790 1800 3865; x_wconf 86' lang='grc' dir='ltr'>βαπτίσματος</span> <span class='ocrx_word' id='word_1_505' title='bbox 1848 3793 2023 3848; x_wconf 89' lang='grc' dir='ltr'>υἱοθε-</span> 
     </span>
    </p>
   </div>
   <div class='ocr_carea' id='block_1_69' title="bbox 380 3869 2022 3950">
    <p class='ocr_par' dir='ltr' id='par_1_69' title="bbox 380 3869 2022 3950">
     <span class='ocr_line' id='line_1_69' title="bbox 380 3869 2022 3950; baseline 0.009 -29"><span class='ocrx_word' id='word_1_506' title='bbox 380 3869 633 3937; x_wconf 88' lang='grc' dir='ltr'>τηθέντες</span> <span class='ocrx_word' id='word_1_507' title='bbox 692 3892 798 3944; x_wconf 88' lang='grc' dir='ltr'>σοι,</span> <span class='ocrx_word' id='word_1_508' title='bbox 839 3871 939 3929; x_wconf 89' lang='grc' dir='ltr'>οὐκ</span> <span class='ocrx_word' id='word_1_509' title='bbox 993 3874 1146 3930; x_wconf 86' lang='grc' dir='ltr'>αὐτοὶ</span> <span class='ocrx_word' id='word_1_510' title='bbox 1207 3876 1394 3950; x_wconf 89' lang='grc' dir='ltr'>μόνον,</span> <span class='ocrx_word' id='word_1_511' title='bbox 1442 3876 1590 3933; x_wconf 86' lang='grc' dir='ltr'>ἀλλά</span> <span class='ocrx_word' id='word_1_512' title='bbox 1642 3880 1733 3934; x_wconf 89' lang='grc' dir='ltr'>καὶ</span> <span class='ocrx_word' id='word_1_513' title='bbox 1790 3881 1843 3935; x_wconf 87' lang='grc' dir='ltr'>οἱ</span> <span class='ocrx_word' id='word_1_514' title='bbox 1896 3880 2022 3935; x_wconf 88' lang='grc' dir='ltr'>τού-</span> 
     </span>
    </p>
   </div>
   <div class='ocr_carea' id='block_1_70' title="bbox 380 3959 1483 4038">
    <p class='ocr_par' dir='ltr' id='par_1_70' title="bbox 380 3959 1483 4038">
     <span class='ocr_line' id='line_1_70' title="bbox 380 3959 1483 4038; baseline 0.01 -27"><span class='ocrx_word' id='word_1_515' title='bbox 380 3976 490 4012; x_wconf 87' lang='grc' dir='ltr'>των</span> <span class='ocrx_word' id='word_1_516' title='bbox 548 3964 663 4014; x_wconf 86' lang='grc' dir='ltr'>κατ’</span> <span class='ocrx_word' id='word_1_517' title='bbox 712 3959 974 4032; x_wconf 89' lang='grc' dir='ltr'>ἀλήθειαν</span> <span class='ocrx_word' id='word_1_518' title='bbox 1066 3966 1303 4038; x_wconf 81' lang='grc' dir='ltr'>μαθηταὶ</span> <span class='ocrx_word' id='word_1_519' title='bbox 1383 3967 1483 4036; x_wconf 80' lang='grc' dir='ltr'>τὴν</span> 
     </span>
    </p>
   </div>
   <div class='ocr_carea' id='block_1_71' title="bbox 384 4044 1192 4120">
    <p class='ocr_par' dir='ltr' id='par_1_71' title="bbox 384 4044 1192 4120">
     <span class='ocr_line' id='line_1_71' title="bbox 384 4044 1192 4120; baseline 0.011 -20"><span class='ocrx_word' id='word_1_520' title='bbox 384 4044 683 4103; x_wconf 84' lang='grc' dir='ltr'>ἀπόλαυσιν</span> <span class='ocrx_word' id='word_1_521' title='bbox 782 4057 881 4120; x_wconf 76' lang='grc' dir='ltr'>τῆς</span> <span class='ocrx_word' id='word_1_522' title='bbox 968 4051 1192 4108; x_wconf 78' lang='grc' dir='ltr'>αἰωνίου</span> 
     </span>
    </p>
   </div>
   <div class='ocr_carea' id='block_1_72' title="bbox 385 4156 590 4194">
    <p class='ocr_par' dir='ltr' id='par_1_72' title="bbox 385 4156 590 4194">
     <span class='ocr_line' id='line_1_72' title="bbox 385 4156 590 4194; baseline 0.024 -5"><span class='ocrx_word' id='word_1_523' title='bbox 385 4156 590 4194; x_wconf 85' lang='grc' dir='ltr'>σουσιν.</span> 
     </span>
    </p>
   </div>
   <div class='ocr_carea' id='block_1_73' title="bbox 1569 3968 2024 4023">
    <p class='ocr_par' dir='ltr' id='par_1_73' title="bbox 1569 3968 2024 4023">
     <span class='ocr_line' id='line_1_73' title="bbox 1569 3968 2024 4023; baseline 0.002 -1"><span class='ocrx_word' id='word_1_524' title='bbox 1569 3968 1859 4023; x_wconf 83' lang='grc' dir='ltr'>ἀνάπαυσιν</span> <span class='ocrx_word' id='word_1_525' title='bbox 1933 3969 2024 4023; x_wconf 91' lang='grc' dir='ltr'>καὶ</span> 
     </span>
    </p>
   </div>
   <div class='ocr_carea' id='block_1_74' title="bbox 1308 4054 2024 4134">
    <p class='ocr_par' dir='ltr' id='par_1_74' title="bbox 1308 4054 2024 4134">
     <span class='ocr_line' id='line_1_74' title="bbox 1308 4054 2024 4134; baseline 0.004 -24"><span class='ocrx_word' id='word_1_526' title='bbox 1308 4054 1584 4132; x_wconf 88' lang='grc' dir='ltr'>βασιλείας</span> <span class='ocrx_word' id='word_1_527' title='bbox 1666 4056 2024 4134; x_wconf 89' lang='grc' dir='ltr'>κληρονομή-</span> 
     </span>
    </p>
   </div>
   <div class='ocr_carea' id='block_1_75' title="bbox 457 4224 2027 4306">
    <p class='ocr_par' dir='ltr' id='par_1_75' title="bbox 457 4224 2027 4306">
     <span class='ocr_line' id='line_1_75' title="bbox 457 4224 2027 4306; baseline 0.006 -27"><span class='ocrx_word' id='word_1_528' title='bbox 457 4249 485 4277; x_wconf 89' lang='grc'>‹‹</span> <span class='ocrx_word' id='word_1_529' title='bbox 517 4224 666 4298; x_wconf 76' lang='grc' dir='ltr'>Δίίτη</span> <span class='ocrx_word' id='word_1_530' title='bbox 696 4229 732 4297; x_wconf 81' lang='grc' dir='ltr'><strong>ἡ</strong></span> <span class='ocrx_word' id='word_1_531' title='bbox 763 4229 1091 4294; x_wconf 88' lang='grc' dir='ltr'>κατάπαυσίς</span> <span class='ocrx_word' id='word_1_532' title='bbox 1151 4253 1257 4306; x_wconf 89' lang='grc' dir='ltr'>μου</span> <span class='ocrx_word' id='word_1_533' title='bbox 1314 4232 1390 4297; x_wconf 82' lang='grc' dir='ltr'>εἷς</span> <span class='ocrx_word' id='word_1_534' title='bbox 1449 4235 1618 4290; x_wconf 74' lang='grc' dir='ltr'>αἰῶνα</span> <span class='ocrx_word' id='word_1_535' title='bbox 1645 4235 1862 4298; x_wconf 78' lang='grc' dir='ltr'>αἰῶνος.</span> <span class='ocrx_word' id='word_1_536' title='bbox 1894 4259 1923 4288; x_wconf 86' lang='grc'>››</span> <span class='ocrx_word' id='word_1_537' title='bbox 1970 4269 2027 4279; x_wconf 90' lang='grc'><strong>-</strong></span> 
     </span>
    </p>
   </div>
   <div class='ocr_carea' id='block_1_76' title="bbox 382 4313 2024 4395">
    <p class='ocr_par' dir='ltr' id='par_1_76' title="bbox 382 4313 2024 4395">
     <span class='ocr_line' id='line_1_76' title="bbox 382 4313 2024 4395; baseline 0.006 -24"><span class='ocrx_word' id='word_1_538' title='bbox 382 4313 530 4387; x_wconf 77' lang='grc' dir='ltr'>Αὕτη</span> <span class='ocrx_word' id='word_1_539' title='bbox 562 4318 598 4386; x_wconf 84' lang='grc' dir='ltr'>ἠ</span> <span class='ocrx_word' id='word_1_540' title='bbox 628 4319 960 4382; x_wconf 82' lang='grc' dir='ltr'>κατάπαυσις</span> <span class='ocrx_word' id='word_1_541' title='bbox 988 4325 1083 4376; x_wconf 88' lang='grc' dir='ltr'>τοῦ</span> <span class='ocrx_word' id='word_1_542' title='bbox 1134 4328 1267 4378; x_wconf 89' lang='grc' dir='ltr'>Θεου</span> <span class='ocrx_word' id='word_1_543' title='bbox 1323 4322 1562 4395; x_wconf 68' lang='grc' dir='ltr'>αἰώνιος,</span> <span class='ocrx_word' id='word_1_544' title='bbox 1593 4327 1629 4395; x_wconf 82' lang='grc' dir='ltr'>ἡ</span> <span class='ocrx_word' id='word_1_545' title='bbox 1657 4330 1765 4381; x_wconf 89' lang='grc' dir='ltr'>τῶν</span> <span class='ocrx_word' id='word_1_546' title='bbox 1819 4329 2024 4381; x_wconf 87' lang='grc' dir='ltr'>πιστῶν</span> 
     </span>
    </p>
   </div>
   <div class='ocr_carea' id='block_1_77' title="bbox 386 4402 1667 4489">
    <p class='ocr_par' dir='ltr' id='par_1_77' title="bbox 386 4402 1667 4489">
     <span class='ocr_line' id='line_1_77' title="bbox 386 4402 1667 4489; baseline 0.007 -29"><span class='ocrx_word' id='word_1_547' title='bbox 386 4404 681 4477; x_wconf 85' lang='grc' dir='ltr'>Ἐκκλησία</span> <span class='ocrx_word' id='word_1_548' title='bbox 708 4409 775 4477; x_wconf 77' lang='grc' dir='ltr'>ἧς</span> <span class='ocrx_word' id='word_1_549' title='bbox 807 4402 937 4479; x_wconf 76' lang='grc' dir='ltr'>ᾅδου</span> <span class='ocrx_word' id='word_1_550' title='bbox 968 4408 1137 4466; x_wconf 87' lang='grc' dir='ltr'>πύλαι</span> <span class='ocrx_word' id='word_1_551' title='bbox 1168 4410 1231 4467; x_wconf 91' lang='grc' dir='ltr'>οὐ</span> <span class='ocrx_word' id='word_1_552' title='bbox 1260 4412 1667 4489; x_wconf 87' lang='grc' dir='ltr'>κατισχύσουσι.</span> 
     </span>
    </p>
   </div>
   <div class='ocr_carea' id='block_1_78' title="bbox 460 4514 2024 4596">
    <p class='ocr_par' dir='ltr' id='par_1_78' title="bbox 460 4514 2024 4596">
     <span class='ocr_line' id='line_1_78' title="bbox 460 4514 2024 4596; baseline 0.008 -31"><span class='ocrx_word' id='word_1_553' title='bbox 460 4535 489 4565; x_wconf 88' lang='grc'><em>‹‹</em></span> <span class='ocrx_word' id='word_1_554' title='bbox 517 4514 622 4583; x_wconf 78' lang='grc' dir='ltr'>Τὴν</span> <span class='ocrx_word' id='word_1_555' title='bbox 657 4515 828 4590; x_wconf 89' lang='grc' dir='ltr'>θήραν</span> <span class='ocrx_word' id='word_1_556' title='bbox 876 4515 1044 4587; x_wconf 86' lang='grc' dir='ltr'>αὐτῆς</span> <span class='ocrx_word' id='word_1_557' title='bbox 1101 4516 1345 4595; x_wconf 87' lang='grc' dir='ltr'>εὐλογῶν</span> <span class='ocrx_word' id='word_1_558' title='bbox 1404 4517 1710 4596; x_wconf 82' lang='grc' dir='ltr'>εὐλογήσω.</span> <span class='ocrx_word' id='word_1_559' title='bbox 1748 4543 1779 4574; x_wconf 86' lang='grc'>››</span> <span class='ocrx_word' id='word_1_560' title='bbox 1816 4552 1888 4564; x_wconf 93' lang='grc'><strong><em>-</em></strong></span> <span class='ocrx_word' id='word_1_561' title='bbox 1914 4523 2024 4592; x_wconf 84' lang='grc' dir='ltr'>Θή-</span> 
     </span>
    </p>
   </div>
   <div class='ocr_carea' id='block_1_79' title="bbox 386 4602 2027 4686">
    <p class='ocr_par' dir='ltr' id='par_1_79' title="bbox 386 4602 2027 4686">
     <span class='ocr_line' id='line_1_79' title="bbox 386 4602 2027 4686; baseline 0.005 -30"><span class='ocrx_word' id='word_1_562' title='bbox 386 4622 480 4679; x_wconf 90' lang='grc' dir='ltr'>ραν</span> <span class='ocrx_word' id='word_1_563' title='bbox 532 4602 750 4674; x_wconf 90' lang='grc' dir='ltr'>νοητέον</span> <span class='ocrx_word' id='word_1_564' title='bbox 808 4603 900 4659; x_wconf 87' lang='grc' dir='ltr'>τὸν</span> <span class='ocrx_word' id='word_1_565' title='bbox 956 4607 1225 4680; x_wconf 90' lang='grc' dir='ltr'>πορισμὸν</span> <span class='ocrx_word' id='word_1_566' title='bbox 1271 4608 1360 4663; x_wconf 84' lang='grc' dir='ltr'>καὶ</span> <span class='ocrx_word' id='word_1_567' title='bbox 1406 4610 1505 4679; x_wconf 77' lang='grc' dir='ltr'>τὴν</span> <span class='ocrx_word' id='word_1_568' title='bbox 1553 4607 1887 4686; x_wconf 82' lang='grc' dir='ltr'>συγκομιδὴν</span> <span class='ocrx_word' id='word_1_569' title='bbox 1926 4617 2027 4680; x_wconf 87' lang='grc' dir='ltr'>τῆς</span> 
     </span>
    </p>
   </div>
   <div class='ocr_carea' id='block_1_80' title="bbox 2132 3443 3794 3524">
    <p class='ocr_par' dir='ltr' id='par_1_80' title="bbox 2132 3443 3794 3524">
     <span class='ocr_line' id='line_1_80' title="bbox 2132 3443 3794 3524; baseline 0.002 -23"><span class='ocrx_word' id='word_1_570' title='bbox 2132 3452 2297 3501; x_wconf 89' lang='grc' dir='ltr'>οικεῖν</span> <span class='ocrx_word' id='word_1_571' title='bbox 2351 3443 2621 3524; x_wconf 80' lang='grc' dir='ltr'>ἀδελφοὺς</span> <span class='ocrx_word' id='word_1_572' title='bbox 2668 3446 2756 3502; x_wconf 79' lang='grc' dir='ltr'>ἐπὶ</span> <span class='ocrx_word' id='word_1_573' title='bbox 2799 3447 2862 3503; x_wconf 91' lang='grc' dir='ltr'>τὸ</span> <span class='ocrx_word' id='word_1_574' title='bbox 2911 3447 3082 3517; x_wconf 87' lang='grc' dir='ltr'>αὐτό;</span> <span class='ocrx_word' id='word_1_575' title='bbox 3134 3471 3163 3500; x_wconf 84' lang='grc'><strong>››</strong></span> <span class='ocrx_word' id='word_1_576' title='bbox 3208 3481 3279 3491; x_wconf 83' lang='lat'>———</span> <span class='ocrx_word' id='word_1_577' title='bbox 3325 3448 3453 3505; x_wconf 84' lang='grc' dir='ltr'>Ἐπὶ</span> <span class='ocrx_word' id='word_1_578' title='bbox 3518 3454 3625 3504; x_wconf 87' lang='grc' dir='ltr'>τοῦ</span> <span class='ocrx_word' id='word_1_579' title='bbox 3679 3456 3794 3506; x_wconf 77' lang='grc' dir='ltr'>Ῥο-</span> 
     </span>
    </p>
   </div>
   <div class='ocr_carea' id='block_1_81' title="bbox 2132 3530 3789 3614">
    <p class='ocr_par' dir='ltr' id='par_1_81' title="bbox 2132 3530 3789 3614">
     <span class='ocr_line' id='line_1_81' title="bbox 2132 3530 3789 3614; baseline 0.002 -25"><span class='ocrx_word' id='word_1_580' title='bbox 2132 3530 2281 3608; x_wconf 81' lang='grc' dir='ltr'>ϐοάμ</span> <span class='ocrx_word' id='word_1_581' title='bbox 2325 3533 2641 3612; x_wconf 79' lang='grc' dir='ltr'>διῃρέθησαν</span> <span class='ocrx_word' id='word_1_582' title='bbox 2686 3536 2741 3591; x_wconf 87' lang='grc' dir='ltr'>αἱ</span> <span class='ocrx_word' id='word_1_583' title='bbox 2774 3535 2962 3614; x_wconf 81' lang='grc' dir='ltr'>φυλαὶ,</span> <span class='ocrx_word' id='word_1_584' title='bbox 2993 3536 3084 3591; x_wconf 84' lang='grc' dir='ltr'>καὶ</span> <span class='ocrx_word' id='word_1_585' title='bbox 3127 3538 3183 3591; x_wconf 88' lang='grc' dir='ltr'>αἱ</span> <span class='ocrx_word' id='word_1_586' title='bbox 3235 3536 3330 3610; x_wconf 70' lang='grc' dir='ltr'>μὲν</span> <span class='ocrx_word' id='word_1_587' title='bbox 3387 3534 3521 3592; x_wconf 85' lang='grc' dir='ltr'>δέκα</span> <span class='ocrx_word' id='word_1_588' title='bbox 3562 3542 3652 3611; x_wconf 77' lang='grc' dir='ltr'>τῷ</span> <span class='ocrx_word' id='word_1_589' title='bbox 3700 3540 3789 3596; x_wconf 83' lang='grc' dir='ltr'>Ἰε-</span> 
     </span>
    </p>
   </div>
   <div class='ocr_carea' id='block_1_82' title="bbox 2134 3618 3789 3699">
    <p class='ocr_par' dir='ltr' id='par_1_82' title="bbox 2134 3618 3789 3699">
     <span class='ocr_line' id='line_1_82' title="bbox 2134 3618 3789 3699; baseline 0.002 -21"><span class='ocrx_word' id='word_1_590' title='bbox 2134 3618 2349 3699; x_wconf 86' lang='grc' dir='ltr'>ροϐοάμ</span> <span class='ocrx_word' id='word_1_591' title='bbox 2412 3623 2818 3696; x_wconf 79' lang='grc' dir='ltr'>ἠκολούθησαν,</span> <span class='ocrx_word' id='word_1_592' title='bbox 2862 3625 2918 3679; x_wconf 79' lang='grc' dir='ltr'>αἱ</span> <span class='ocrx_word' id='word_1_593' title='bbox 2994 3623 3053 3681; x_wconf 75' lang='grc' dir='ltr'>δὲ</span> <span class='ocrx_word' id='word_1_594' title='bbox 3130 3622 3227 3680; x_wconf 85' lang='grc' dir='ltr'>δύο</span> <span class='ocrx_word' id='word_1_595' title='bbox 3299 3627 3401 3695; x_wconf 76' lang='grc' dir='ltr'>τήν</span> <span class='ocrx_word' id='word_1_596' title='bbox 3492 3630 3789 3697; x_wconf 73' lang='grc' dir='ltr'>Δαυϊτικὴν</span> 
     </span>
    </p>
   </div>
   <div class='ocr_carea' id='block_1_83' title="bbox 2132 3711 3795 3790">
    <p class='ocr_par' dir='ltr' id='par_1_83' title="bbox 2132 3711 3795 3790">
     <span class='ocr_line' id='line_1_83' title="bbox 2132 3711 3795 3790; baseline 0.002 -22"><span class='ocrx_word' id='word_1_597' title='bbox 2132 3712 2441 3783; x_wconf 80' lang='grc' dir='ltr'>ἠσπάσαντο</span> <span class='ocrx_word' id='word_1_598' title='bbox 2476 3711 2774 3790; x_wconf 87' lang='grc' dir='ltr'>βασιλείαν.</span> <span class='ocrx_word' id='word_1_599' title='bbox 2816 3716 2963 3771; x_wconf 78' lang='grc' dir='ltr'>Μετά</span> <span class='ocrx_word' id='word_1_600' title='bbox 3013 3715 3197 3789; x_wconf 90' lang='grc' dir='ltr'>μέντοι</span> <span class='ocrx_word' id='word_1_601' title='bbox 3243 3716 3341 3785; x_wconf 72' lang='grc' dir='ltr'>τήν</span> <span class='ocrx_word' id='word_1_602' title='bbox 3402 3713 3466 3770; x_wconf 78' lang='grc' dir='ltr'>ἐκ</span> <span class='ocrx_word' id='word_1_603' title='bbox 3522 3712 3795 3774; x_wconf 77' lang='grc' dir='ltr'>Βαϐυλῶ-</span> 
     </span>
    </p>
   </div>
   <div class='ocr_carea' id='block_1_84' title="bbox 2134 3800 3795 3882">
    <p class='ocr_par' dir='ltr' id='par_1_84' title="bbox 2134 3800 3795 3882">
     <span class='ocr_line' id='line_1_84' title="bbox 2134 3800 3795 3882; baseline 0.003 -27"><span class='ocrx_word' id='word_1_604' title='bbox 2134 3824 2224 3865; x_wconf 90' lang='grc' dir='ltr'>νος</span> <span class='ocrx_word' id='word_1_605' title='bbox 2265 3800 2525 3858; x_wconf 84' lang='grc' dir='ltr'>ἐπάνοδον</span> <span class='ocrx_word' id='word_1_606' title='bbox 2566 3802 2834 3873; x_wconf 85' lang='grc' dir='ltr'>συνῆλθον</span> <span class='ocrx_word' id='word_1_607' title='bbox 2892 3802 3057 3859; x_wconf 85' lang='grc' dir='ltr'>πάλιν</span> <span class='ocrx_word' id='word_1_608' title='bbox 3102 3802 3179 3865; x_wconf 76' lang='grc' dir='ltr'>εἰς</span> <span class='ocrx_word' id='word_1_609' title='bbox 3236 3803 3523 3879; x_wconf 78' lang='grc' dir='ltr'>ὁμόνοιαν,</span> <span class='ocrx_word' id='word_1_610' title='bbox 3554 3807 3688 3882; x_wconf 81' lang='grc' dir='ltr'>περὶ</span> <span class='ocrx_word' id='word_1_611' title='bbox 3732 3806 3795 3861; x_wconf 75' lang='grc' dir='ltr'>οὗ</span> 
     </span>
    </p>
   </div>
   <div class='ocr_carea' id='block_1_85' title="bbox 2131 3889 3794 3969">
    <p class='ocr_par' dir='ltr' id='par_1_85' title="bbox 2131 3889 3794 3969">
     <span class='ocr_line' id='line_1_85' title="bbox 2131 3889 3794 3969; baseline 0.002 -23"><span class='ocrx_word' id='word_1_612' title='bbox 2131 3890 2464 3969; x_wconf 77' lang='grc' dir='ltr'>προφητεύει</span> <span class='ocrx_word' id='word_1_613' title='bbox 2514 3892 2542 3946; x_wconf 90' lang='lat'>6</span> <span class='ocrx_word' id='word_1_614' title='bbox 2587 3889 2772 3963; x_wconf 72' lang='grc' dir='ltr'>Δαυῖδ,</span> <span class='ocrx_word' id='word_1_615' title='bbox 2829 3892 2919 3947; x_wconf 84' lang='grc' dir='ltr'>καὶ</span> <span class='ocrx_word' id='word_1_616' title='bbox 2959 3891 3190 3948; x_wconf 78' lang='grc' dir='ltr'>ἐπαινῶν</span> <span class='ocrx_word' id='word_1_617' title='bbox 3243 3893 3305 3948; x_wconf 91' lang='grc' dir='ltr'>τὸ</span> <span class='ocrx_word' id='word_1_618' title='bbox 3359 3900 3466 3963; x_wconf 83' lang='grc' dir='ltr'>τῆς</span> <span class='ocrx_word' id='word_1_619' title='bbox 3533 3896 3794 3968; x_wconf 84' lang='grc' dir='ltr'>ὁμονοίας</span> 
     </span>
    </p>
   </div>
   <div class='ocr_carea' id='block_1_86' title="bbox 2134 3976 3792 4059">
    <p class='ocr_par' dir='ltr' id='par_1_86' title="bbox 2134 3976 3792 4059">
     <span class='ocr_line' id='line_1_86' title="bbox 2134 3976 3792 4059; baseline 0.002 -24"><span class='ocrx_word' id='word_1_620' title='bbox 2134 3979 2331 4057; x_wconf 84' lang='grc' dir='ltr'>χρῆμά</span> <span class='ocrx_word' id='word_1_621' title='bbox 2358 4001 2512 4059; x_wconf 82' lang='grc' dir='ltr'>φησι.</span> <span class='ocrx_word' id='word_1_622' title='bbox 2550 4004 2572 4032; x_wconf 76' lang='grc' dir='ltr'>ι</span> <span class='ocrx_word' id='word_1_623' title='bbox 2613 3980 2674 4035; x_wconf 91' lang='grc' dir='ltr'>Τί</span> <span class='ocrx_word' id='word_1_624' title='bbox 2703 3978 2870 4037; x_wconf 90' lang='grc' dir='ltr'>καλὸν</span> <span class='ocrx_word' id='word_1_625' title='bbox 2919 3976 3088 4044; x_wconf 75' lang='grc' dir='ltr'>ὅντως</span> <span class='ocrx_word' id='word_1_626' title='bbox 3135 3983 3174 4052; x_wconf 79' lang='grc' dir='ltr'><strong>ἢ</strong></span> <span class='ocrx_word' id='word_1_627' title='bbox 3222 3982 3276 4037; x_wconf 87' lang='grc' dir='ltr'>τί</span> <span class='ocrx_word' id='word_1_628' title='bbox 3322 3979 3627 4056; x_wconf 84' lang='grc' dir='ltr'>δυνάμενον</span> <span class='ocrx_word' id='word_1_629' title='bbox 3673 3983 3792 4057; x_wconf 75' lang='grc' dir='ltr'>τέρ-</span> 
     </span>
    </p>
   </div>
   <div class='ocr_carea' id='block_1_87' title="bbox 2132 4067 3788 4150">
    <p class='ocr_par' dir='ltr' id='par_1_87' title="bbox 2132 4067 3788 4150">
     <span class='ocr_line' id='line_1_87' title="bbox 2132 4067 3788 4150; baseline 0.001 -26"><span class='ocrx_word' id='word_1_630' title='bbox 2132 4091 2272 4139; x_wconf 85' lang='grc' dir='ltr'>πειν,</span> <span class='ocrx_word' id='word_1_631' title='bbox 2326 4070 2400 4131; x_wconf 85' lang='grc' dir='ltr'>ὡς</span> <span class='ocrx_word' id='word_1_632' title='bbox 2442 4069 2504 4125; x_wconf 89' lang='grc' dir='ltr'>τὸ</span> <span class='ocrx_word' id='word_1_633' title='bbox 2550 4074 2820 4125; x_wconf 88' lang='grc' dir='ltr'>κατοικεῖν</span> <span class='ocrx_word' id='word_1_634' title='bbox 2869 4067 3138 4150; x_wconf 79' lang='grc' dir='ltr'>ἀδελφοὺς</span> <span class='ocrx_word' id='word_1_635' title='bbox 3188 4072 3351 4144; x_wconf 85' lang='grc' dir='ltr'>ὁμοῦ,</span> <span class='ocrx_word' id='word_1_636' title='bbox 3399 4073 3685 4128; x_wconf 79' lang='grc' dir='ltr'>τουτέστιν</span> <span class='ocrx_word' id='word_1_637' title='bbox 3733 4071 3788 4126; x_wconf 79' lang='grc' dir='ltr'>ἐν</span> 
     </span>
    </p>
   </div>
   <div class='ocr_carea' id='block_1_88' title="bbox 2135 4158 2402 4233">
    <p class='ocr_par' dir='ltr' id='par_1_88' title="bbox 2135 4158 2402 4233">
     <span class='ocr_line' id='line_1_88' title="bbox 2135 4158 2402 4233; baseline 0 -19"><span class='ocrx_word' id='word_1_638' title='bbox 2135 4158 2366 4233; x_wconf 82' lang='grc' dir='ltr'>ὁμονοίᾳ</span> <span class='ocrx_word' id='word_1_639' title='bbox 2388 4177 2402 4230; x_wconf 85' lang='grc'>;</span> 
     </span>
    </p>
   </div>
   <div class='ocr_carea' id='block_1_89' title="bbox 2206 4243 3792 4327">
    <p class='ocr_par' dir='ltr' id='par_1_89' title="bbox 2206 4243 3792 4327">
     <span class='ocr_line' id='line_1_89' title="bbox 2206 4243 3792 4327; baseline 0.003 -26"><span class='ocrx_word' id='word_1_640' title='bbox 2206 4272 2236 4301; x_wconf 90' lang='grc'>‹‹</span> <span class='ocrx_word' id='word_1_641' title='bbox 2266 4250 2356 4311; x_wconf 86' lang='grc' dir='ltr'>Ὡς</span> <span class='ocrx_word' id='word_1_642' title='bbox 2408 4247 2577 4325; x_wconf 88' lang='grc' dir='ltr'>μύρον</span> <span class='ocrx_word' id='word_1_643' title='bbox 2615 4247 2703 4304; x_wconf 77' lang='grc' dir='ltr'>ἒπὶ</span> <span class='ocrx_word' id='word_1_644' title='bbox 2744 4247 2989 4327; x_wconf 79' lang='grc' dir='ltr'>κεφαλῆς</span> <span class='ocrx_word' id='word_1_645' title='bbox 3034 4250 3098 4303; x_wconf 87' lang='grc' dir='ltr'>τὸ</span> <span class='ocrx_word' id='word_1_646' title='bbox 3144 4243 3471 4304; x_wconf 79' lang='grc' dir='ltr'>καταϐαῖνον</span> <span class='ocrx_word' id='word_1_647' title='bbox 3525 4248 3619 4305; x_wconf 78' lang='grc' dir='ltr'>ἐπὶ</span> <span class='ocrx_word' id='word_1_648' title='bbox 3673 4251 3792 4306; x_wconf 80' lang='grc' dir='ltr'>πώ·</span> 
     </span>
    </p>
   </div>
   <div class='ocr_carea' id='block_1_90' title="bbox 2134 4335 3791 4415">
    <p class='ocr_par' dir='ltr' id='par_1_90' title="bbox 2134 4335 3791 4415">
     <span class='ocr_line' id='line_1_90' title="bbox 2134 4335 3791 4415; baseline -0.001 -21"><span class='ocrx_word' id='word_1_649' title='bbox 2134 4358 2301 4414; x_wconf 90' lang='grc' dir='ltr'>γωνα.</span> <span class='ocrx_word' id='word_1_650' title='bbox 2336 4362 2366 4390; x_wconf 90' lang='grc'><strong>››</strong></span> <span class='ocrx_word' id='word_1_651' title='bbox 2400 4370 2471 4380; x_wconf 90' lang='lat'>-—-</span> <span class='ocrx_word' id='word_1_652' title='bbox 2515 4336 2669 4393; x_wconf 80' lang='grc' dir='ltr'>Οὕτω</span> <span class='ocrx_word' id='word_1_653' title='bbox 2712 4335 2877 4392; x_wconf 90' lang='grc' dir='ltr'>καλὸν</span> <span class='ocrx_word' id='word_1_654' title='bbox 2931 4340 2967 4407; x_wconf 84' lang='grc' dir='ltr'>ἡ</span> <span class='ocrx_word' id='word_1_655' title='bbox 3019 4336 3248 4411; x_wconf 88' lang='grc' dir='ltr'>ὁμόνοια</span> <span class='ocrx_word' id='word_1_656' title='bbox 3291 4337 3384 4393; x_wconf 82' lang='grc' dir='ltr'>καὶ</span> <span class='ocrx_word' id='word_1_657' title='bbox 3428 4339 3690 4415; x_wconf 78' lang='grc' dir='ltr'>τερπνὸν,</span> <span class='ocrx_word' id='word_1_658' title='bbox 3718 4339 3791 4401; x_wconf 78' lang='grc' dir='ltr'>ὡς</span> 
     </span>
    </p>
   </div>
   <div class='ocr_carea' id='block_1_91' title="bbox 2132 4424 3785 4504">
    <p class='ocr_par' dir='ltr' id='par_1_91' title="bbox 2132 4424 3785 4504">
     <span class='ocr_line' id='line_1_91' title="bbox 2132 4424 3785 4504; baseline 0 -20"><span class='ocrx_word' id='word_1_659' title='bbox 2132 4429 2196 4484; x_wconf 87' lang='grc' dir='ltr'>τὸ</span> <span class='ocrx_word' id='word_1_660' title='bbox 2247 4427 2470 4502; x_wconf 90' lang='grc' dir='ltr'>νομικὸν</span> <span class='ocrx_word' id='word_1_661' title='bbox 2524 4426 2716 4503; x_wconf 86' lang='grc' dir='ltr'>μύρον,</span> <span class='ocrx_word' id='word_1_662' title='bbox 2746 4428 2809 4482; x_wconf 92' lang='grc' dir='ltr'>τὸ</span> <span class='ocrx_word' id='word_1_663' title='bbox 2855 4424 3022 4481; x_wconf 90' lang='grc' dir='ltr'>καλὸν</span> <span class='ocrx_word' id='word_1_664' title='bbox 3075 4426 3168 4499; x_wconf 74' lang='grc' dir='ltr'>μὲν</span> <span class='ocrx_word' id='word_1_665' title='bbox 3219 4426 3296 4489; x_wconf 85' lang='grc' dir='ltr'>ὡς</span> <span class='ocrx_word' id='word_1_666' title='bbox 3346 4428 3529 4501; x_wconf 75' lang='grc' dir='ltr'>ἅγιον,</span> <span class='ocrx_word' id='word_1_667' title='bbox 3558 4428 3785 4504; x_wconf 76' lang='grc' dir='ltr'>τερπνὸν</span> 
     </span>
    </p>
   </div>
   <div class='ocr_carea' id='block_1_92' title="bbox 2136 4513 3795 4594">
    <p class='ocr_par' dir='ltr' id='par_1_92' title="bbox 2136 4513 3795 4594">
     <span class='ocr_line' id='line_1_92' title="bbox 2136 4513 3795 4594; baseline -0.001 -22"><span class='ocrx_word' id='word_1_668' title='bbox 2136 4514 2196 4573; x_wconf 70' lang='grc' dir='ltr'>δὲ</span> <span class='ocrx_word' id='word_1_669' title='bbox 2240 4517 2315 4580; x_wconf 90' lang='grc' dir='ltr'>ὡς</span> <span class='ocrx_word' id='word_1_670' title='bbox 2365 4513 2585 4586; x_wconf 83' lang='grc' dir='ltr'>εὐῶδες,</span> <span class='ocrx_word' id='word_1_671' title='bbox 2630 4514 2802 4571; x_wconf 85' lang='grc' dir='ltr'>έκεῖνο</span> <span class='ocrx_word' id='word_1_672' title='bbox 2847 4514 2993 4592; x_wconf 88' lang='grc' dir='ltr'>λέγει</span> <span class='ocrx_word' id='word_1_673' title='bbox 3034 4515 3098 4570; x_wconf 89' lang='grc' dir='ltr'>τὸ</span> <span class='ocrx_word' id='word_1_674' title='bbox 3156 4514 3245 4571; x_wconf 85' lang='grc' dir='ltr'>έπὶ</span> <span class='ocrx_word' id='word_1_675' title='bbox 3291 4513 3545 4594; x_wconf 74' lang='grc' dir='ltr'>κεφαλῆς</span> <span class='ocrx_word' id='word_1_676' title='bbox 3587 4516 3795 4593; x_wconf 85' lang='grc' dir='ltr'>χεόμε-</span> 
     </span>
    </p>
   </div>
   <div class='ocr_carea' id='block_1_93' title="bbox 2134 4603 3789 4683">
    <p class='ocr_par' dir='ltr' id='par_1_93' title="bbox 2134 4603 3789 4683">
     <span class='ocr_line' id='line_1_93' title="bbox 2134 4603 3789 4683; baseline -0.002 -21"><span class='ocrx_word' id='word_1_677' title='bbox 2134 4627 2225 4662; x_wconf 88' lang='grc' dir='ltr'>νον</span> <span class='ocrx_word' id='word_1_678' title='bbox 2271 4610 2369 4661; x_wconf 87' lang='grc' dir='ltr'>τοῦ</span> <span class='ocrx_word' id='word_1_679' title='bbox 2412 4603 2618 4682; x_wconf 78' lang='grc' dir='ltr'>ἱερέως,</span> <span class='ocrx_word' id='word_1_680' title='bbox 2670 4604 2759 4660; x_wconf 79' lang='grc' dir='ltr'>καὶ</span> <span class='ocrx_word' id='word_1_681' title='bbox 2826 4605 2931 4659; x_wconf 88' lang='grc' dir='ltr'>ἀπὸ</span> <span class='ocrx_word' id='word_1_682' title='bbox 2975 4604 3175 4675; x_wconf 86' lang='grc' dir='ltr'>ταύτης</span> <span class='ocrx_word' id='word_1_683' title='bbox 3244 4603 3332 4659; x_wconf 79' lang='grc' dir='ltr'>ἐπὶ</span> <span class='ocrx_word' id='word_1_684' title='bbox 3383 4605 3480 4659; x_wconf 89' lang='grc' dir='ltr'>τὸν</span> <span class='ocrx_word' id='word_1_685' title='bbox 3555 4606 3789 4683; x_wconf 82' lang='grc' dir='ltr'>πώγωνα</span> 
     </span>
    </p>
   </div>
   <div class='ocr_carea' id='block_1_94' title="bbox 383 4680 3787 4776">
    <p class='ocr_par' dir='ltr' id='par_1_94' title="bbox 383 4680 3787 4776">
     <span class='ocr_line' id='line_1_94' title="bbox 383 4680 3787 4776; baseline 0.001 -30"><span class='ocrx_word' id='word_1_686' title='bbox 383 4698 611 4770; x_wconf 82' lang='grc' dir='ltr'>τροφῆς,</span> <span class='ocrx_word' id='word_1_687' title='bbox 642 4691 845 4767; x_wconf 90' lang='grc' dir='ltr'>κυρίως</span> <span class='ocrx_word' id='word_1_688' title='bbox 907 4692 964 4749; x_wconf 76' lang='grc' dir='ltr'>δὲ</span> <span class='ocrx_word' id='word_1_689' title='bbox 1016 4697 1115 4765; x_wconf 78' lang='grc' dir='ltr'>τήν</span> <span class='ocrx_word' id='word_1_690' title='bbox 1175 4698 1444 4770; x_wconf 85' lang='grc' dir='ltr'>θήρευσιν,</span> <span class='ocrx_word' id='word_1_691' title='bbox 1505 4696 1575 4752; x_wconf 88' lang='grc' dir='ltr'>δι’</span> <span class='ocrx_word' id='word_1_692' title='bbox 1630 4680 1696 4768; x_wconf 56' lang='grc' dir='ltr'>ἧς</span> <span class='ocrx_word' id='word_1_693' title='bbox 1727 4680 2025 4776; x_wconf 31' lang='grc' dir='ltr'>-έζώγρουν</span> <span class='ocrx_word' id='word_1_694' title='bbox 2058 4680 2552 4772; x_wconf 77' lang='grc' dir='ltr'>Πκατερχόμενον,</span> <span class='ocrx_word' id='word_1_695' title='bbox 2597 4692 2688 4749; x_wconf 84' lang='grc' dir='ltr'>καὶ</span> <span class='ocrx_word' id='word_1_696' title='bbox 2753 4691 2992 4758; x_wconf 78' lang='grc' dir='ltr'>ἐντεῦθεν</span> <span class='ocrx_word' id='word_1_697' title='bbox 3058 4692 3146 4748; x_wconf 78' lang='grc' dir='ltr'>ἐπὶ</span> <span class='ocrx_word' id='word_1_698' title='bbox 3187 4694 3288 4762; x_wconf 79' lang='grc' dir='ltr'>τήν</span> <span class='ocrx_word' id='word_1_699' title='bbox 3362 4688 3476 4749; x_wconf 83' lang='grc' dir='ltr'>ὥαν</span> <span class='ocrx_word' id='word_1_700' title='bbox 3547 4680 3679 4764; x_wconf 75' lang='grc' dir='ltr'>ἤτοι</span> <span class='ocrx_word' id='word_1_701' title='bbox 3728 4696 3787 4749; x_wconf 85' lang='grc' dir='ltr'>τὸ</span> 
     </span>
    </p>
   </div>
   <div class='ocr_carea' id='block_1_95' title="bbox 380 4778 2030 4864">
    <p class='ocr_par' dir='ltr' id='par_1_95' title="bbox 380 4778 2030 4864">
     <span class='ocr_line' id='line_1_95' title="bbox 380 4778 2030 4864; baseline 0.004 -29"><span class='ocrx_word' id='word_1_702' title='bbox 380 4779 508 4844; x_wconf 78' lang='grc' dir='ltr'>τοὺς</span> <span class='ocrx_word' id='word_1_703' title='bbox 568 4778 733 4845; x_wconf 88' lang='grc' dir='ltr'>λαοὺς</span> <span class='ocrx_word' id='word_1_704' title='bbox 764 4784 816 4838; x_wconf 91' lang='grc' dir='ltr'>οἱ</span> <span class='ocrx_word' id='word_1_705' title='bbox 846 4783 1166 4842; x_wconf 87' lang='grc' dir='ltr'>ἀπόστολοι.</span> <span class='ocrx_word' id='word_1_706' title='bbox 1197 4786 1267 4840; x_wconf 88' lang='grc' dir='ltr'>Τὸ</span> <span class='ocrx_word' id='word_1_707' title='bbox 1321 4784 1381 4841; x_wconf 74' lang='grc' dir='ltr'>δὲ</span> <span class='ocrx_word' id='word_1_708' title='bbox 1437 4785 1682 4863; x_wconf 90' lang='grc' dir='ltr'>εὐλογῶν</span> <span class='ocrx_word' id='word_1_709' title='bbox 1739 4787 2030 4864; x_wconf 81' lang='grc' dir='ltr'>εὐλογήσω</span> 
     </span>
    </p>
   </div>
   <div class='ocr_carea' id='block_1_96' title="bbox 385 4867 2029 4952">
    <p class='ocr_par' dir='ltr' id='par_1_96' title="bbox 385 4867 2029 4952">
     <span class='ocr_line' id='line_1_96' title="bbox 385 4867 2029 4952; baseline 0.004 -28"><span class='ocrx_word' id='word_1_710' title='bbox 385 4869 624 4925; x_wconf 81' lang='grc' dir='ltr'>ἐπίτασιν</span> <span class='ocrx_word' id='word_1_711' title='bbox 680 4871 772 4927; x_wconf 85' lang='grc' dir='ltr'>καὶ</span> <span class='ocrx_word' id='word_1_712' title='bbox 832 4867 1119 4948; x_wconf 87' lang='grc' dir='ltr'>βεϐαίωσιν</span> <span class='ocrx_word' id='word_1_713' title='bbox 1177 4873 1424 4952; x_wconf 73' lang='grc' dir='ltr'>ἐμφαίνει</span> <span class='ocrx_word' id='word_1_714' title='bbox 1483 4882 1585 4946; x_wconf 83' lang='grc' dir='ltr'>τῆς</span> <span class='ocrx_word' id='word_1_715' title='bbox 1640 4875 1894 4952; x_wconf 78' lang='grc' dir='ltr'>εὐλογίας</span> <span class='ocrx_word' id='word_1_716' title='bbox 1938 4876 2029 4932; x_wconf 90' lang='grc' dir='ltr'>καὶ</span> 
     </span>
    </p>
   </div>
   <div class='ocr_carea' id='block_1_97' title="bbox 384 4959 763 5035">
    <p class='ocr_par' dir='ltr' id='par_1_97' title="bbox 384 4959 763 5035">
     <span class='ocr_line' id='line_1_97' title="bbox 384 4959 763 5035; baseline 0.016 -23"><span class='ocrx_word' id='word_1_717' title='bbox 384 4959 763 5035; x_wconf 88' lang='grc' dir='ltr'>χαριτώσεως.</span> 
     </span>
    </p>
   </div>
   <div class='ocr_carea' id='block_1_98' title="bbox 456 5047 2030 5131">
    <p class='ocr_par' dir='ltr' id='par_1_98' title="bbox 456 5047 2030 5131">
     <span class='ocr_line' id='line_1_98' title="bbox 456 5047 2030 5131; baseline 0.004 -30"><span class='ocrx_word' id='word_1_718' title='bbox 456 5073 485 5101; x_wconf 89' lang='grc'>‹‹</span> <span class='ocrx_word' id='word_1_719' title='bbox 514 5047 650 5103; x_wconf 79' lang='grc' dir='ltr'>Τοὺς</span> <span class='ocrx_word' id='word_1_720' title='bbox 733 5051 992 5126; x_wconf 80' lang='grc' dir='ltr'>πτωχοὺς</span> <span class='ocrx_word' id='word_1_721' title='bbox 1074 5051 1242 5123; x_wconf 80' lang='grc' dir='ltr'>αὐτῆς</span> <span class='ocrx_word' id='word_1_722' title='bbox 1298 5053 1553 5129; x_wconf 88' lang='grc' dir='ltr'>χορτάσω</span> <span class='ocrx_word' id='word_1_723' title='bbox 1612 5054 1811 5131; x_wconf 79' lang='grc' dir='ltr'>ἀρτων,</span> <span class='ocrx_word' id='word_1_724' title='bbox 1874 5079 1903 5107; x_wconf 88' lang='grc'><strong>››</strong></span> <span class='ocrx_word' id='word_1_725' title='bbox 1961 5088 2030 5100; x_wconf 85' lang='grc'><strong>-</strong></span> 
     </span>
    </p>
   </div>
   <div class='ocr_carea' id='block_1_99' title="bbox 381 5138 2029 5218">
    <p class='ocr_par' dir='ltr' id='par_1_99' title="bbox 381 5138 2029 5218">
     <span class='ocr_line' id='line_1_99' title="bbox 381 5138 2029 5218; baseline 0.005 -27"><span class='ocrx_word' id='word_1_726' title='bbox 381 5139 699 5213; x_wconf 86' lang='grc' dir='ltr'>Χορτασμὸν</span> <span class='ocrx_word' id='word_1_727' title='bbox 762 5140 856 5213; x_wconf 77' lang='grc' dir='ltr'>μὲν</span> <span class='ocrx_word' id='word_1_728' title='bbox 907 5140 1082 5216; x_wconf 80' lang='grc' dir='ltr'>ἄρτων</span> <span class='ocrx_word' id='word_1_729' title='bbox 1124 5138 1273 5217; x_wconf 89' lang='grc' dir='ltr'>λέγει</span> <span class='ocrx_word' id='word_1_730' title='bbox 1301 5141 1392 5197; x_wconf 87' lang='grc' dir='ltr'>τὸν</span> <span class='ocrx_word' id='word_1_731' title='bbox 1425 5140 1613 5205; x_wconf 85' lang='grc' dir='ltr'>ἁπλῶς</span> <span class='ocrx_word' id='word_1_732' title='bbox 1662 5143 2029 5218; x_wconf 89' lang='grc' dir='ltr'>πλουτισμόν·</span> 
     </span>
    </p>
   </div>
   <div class='ocr_carea' id='block_1_100' title="bbox 381 5226 2027 5310">
    <p class='ocr_par' dir='ltr' id='par_1_100' title="bbox 381 5226 2027 5310">
     <span class='ocr_line' id='line_1_100' title="bbox 381 5226 2027 5310; baseline 0.002 -26"><span class='ocrx_word' id='word_1_733' title='bbox 381 5227 657 5303; x_wconf 88' lang='grc' dir='ltr'>σωτηρίαο</span> <span class='ocrx_word' id='word_1_734' title='bbox 703 5226 761 5283; x_wconf 81' lang='grc' dir='ltr'>δὲ</span> <span class='ocrx_word' id='word_1_735' title='bbox 815 5231 914 5300; x_wconf 76' lang='grc' dir='ltr'>τὴν</span> <span class='ocrx_word' id='word_1_736' title='bbox 975 5230 1154 5305; x_wconf 84' lang='grc' dir='ltr'>ὑγείαν</span> <span class='ocrx_word' id='word_1_737' title='bbox 1213 5251 1270 5286; x_wconf 89' lang='grc' dir='ltr'>τε</span> <span class='ocrx_word' id='word_1_738' title='bbox 1323 5231 1413 5286; x_wconf 88' lang='grc' dir='ltr'>καὶ</span> <span class='ocrx_word' id='word_1_739' title='bbox 1458 5231 1767 5310; x_wconf 80' lang='grc' dir='ltr'>ἀσφάλειαν.</span> <span class='ocrx_word' id='word_1_740' title='bbox 1800 5233 2027 5310; x_wconf 83' lang='grc' dir='ltr'>ΙΙτωχοὶ</span> 
     </span>
    </p>
   </div>
   <div class='ocr_carea' id='block_1_101' title="bbox 384 5315 2026 5397">
    <p class='ocr_par' dir='ltr' id='par_1_101' title="bbox 384 5315 2026 5397">
     <span class='ocr_line' id='line_1_101' title="bbox 384 5315 2026 5397; baseline 0.004 -24"><span class='ocrx_word' id='word_1_741' title='bbox 384 5315 442 5373; x_wconf 76' lang='grc' dir='ltr'>δὲ</span> <span class='ocrx_word' id='word_1_742' title='bbox 491 5318 590 5387; x_wconf 70' lang='grc' dir='ltr'>τῆς</span> <span class='ocrx_word' id='word_1_743' title='bbox 648 5318 972 5390; x_wconf 87' lang='grc' dir='ltr'>Ἐκκλησίας</span> <span class='ocrx_word' id='word_1_744' title='bbox 1028 5321 1081 5375; x_wconf 85' lang='grc' dir='ltr'>οἱ</span> <span class='ocrx_word' id='word_1_745' title='bbox 1134 5321 1354 5397; x_wconf 84' lang='grc' dir='ltr'>πτωχοὶ</span> <span class='ocrx_word' id='word_1_746' title='bbox 1405 5325 1487 5394; x_wconf 77' lang='grc' dir='ltr'>τῷ</span> <span class='ocrx_word' id='word_1_747' title='bbox 1529 5321 1841 5397; x_wconf 84' lang='grc' dir='ltr'>πινεύματι,</span> <span class='ocrx_word' id='word_1_748' title='bbox 1874 5323 1968 5387; x_wconf 75' lang='grc' dir='ltr'>οὓς</span> <span class='ocrx_word' id='word_1_749' title='bbox 1997 5325 2026 5379; x_wconf 88' lang='grc' dir='ltr'>ὁ</span> 
     </span>
    </p>
   </div>
   <div class='ocr_carea' id='block_1_102' title="bbox 382 5405 2023 5489">
    <p class='ocr_par' dir='ltr' id='par_1_102' title="bbox 382 5405 2023 5489">
     <span class='ocr_line' id='line_1_102' title="bbox 382 5405 2023 5489; baseline 0.001 -24"><span class='ocrx_word' id='word_1_750' title='bbox 382 5409 513 5471; x_wconf 84' lang='grc' dir='ltr'>Θεὸς</span> <span class='ocrx_word' id='word_1_751' title='bbox 563 5405 836 5481; x_wconf 79' lang='grc' dir='ltr'>ἐμπλήσει</span> <span class='ocrx_word' id='word_1_752' title='bbox 891 5416 991 5478; x_wconf 83' lang='grc' dir='ltr'>τῆς</span> <span class='ocrx_word' id='word_1_753' title='bbox 1045 5409 1096 5464; x_wconf 86' lang='grc' dir='ltr'>έν</span> <span class='ocrx_word' id='word_1_754' title='bbox 1152 5414 1222 5484; x_wconf 80' lang='grc' dir='ltr'>τῇ</span> <span class='ocrx_word' id='word_1_755' title='bbox 1284 5408 1532 5487; x_wconf 83' lang='grc' dir='ltr'>βασιλείᾳ</span> <span class='ocrx_word' id='word_1_756' title='bbox 1598 5416 1704 5467; x_wconf 92' lang='grc' dir='ltr'>τῶν</span> <span class='ocrx_word' id='word_1_757' title='bbox 1784 5412 2023 5489; x_wconf 81' lang='grc' dir='ltr'>οὐρανῶν</span> 
     </span>
    </p>
   </div>
   <div class='ocr_carea' id='block_1_103' title="bbox 381 5495 2025 5578">
    <p class='ocr_par' dir='ltr' id='par_1_103' title="bbox 381 5495 2025 5578">
     <span class='ocr_line' id='line_1_103' title="bbox 381 5495 2025 5578; baseline 0.001 -23"><span class='ocrx_word' id='word_1_758' title='bbox 381 5497 657 5575; x_wconf 87' lang='grc' dir='ltr'>ἀκηράτου</span> <span class='ocrx_word' id='word_1_759' title='bbox 738 5498 968 5575; x_wconf 79' lang='grc' dir='ltr'>τρρφῆς·</span> <span class='ocrx_word' id='word_1_760' title='bbox 1045 5498 1289 5571; x_wconf 91' lang='grc' dir='ltr'>σωτηρία</span> <span class='ocrx_word' id='word_1_761' title='bbox 1374 5495 1432 5553; x_wconf 79' lang='grc' dir='ltr'>δὲ</span> <span class='ocrx_word' id='word_1_762' title='bbox 1514 5499 1725 5570; x_wconf 79' lang='grc' dir='ltr'>ἀληθὴς</span> <span class='ocrx_word' id='word_1_763' title='bbox 1782 5504 1816 5571; x_wconf 79' lang='grc' dir='ltr'><strong>ἡ</strong></span> <span class='ocrx_word' id='word_1_764' title='bbox 1890 5503 2025 5578; x_wconf 88' lang='grc' dir='ltr'>πρὸς</span> 
     </span>
    </p>
   </div>
   <div class='ocr_carea' id='block_1_104' title="bbox 382 5581 2023 5668">
    <p class='ocr_par' dir='ltr' id='par_1_104' title="bbox 382 5581 2023 5668">
     <span class='ocr_line' id='line_1_104' title="bbox 382 5581 2023 5668; baseline -0.001 -21"><span class='ocrx_word' id='word_1_765' title='bbox 382 5589 509 5647; x_wconf 88' lang='grc' dir='ltr'>Θεὸν</span> <span class='ocrx_word' id='word_1_766' title='bbox 623 5581 871 5649; x_wconf 84' lang='grc' dir='ltr'>διάϐασις</span> <span class='ocrx_word' id='word_1_767' title='bbox 952 5587 1043 5642; x_wconf 83' lang='grc' dir='ltr'>καὶ</span> <span class='ocrx_word' id='word_1_768' title='bbox 1140 5588 1569 5659; x_wconf 87' lang='grc' dir='ltr'>ἀποκατάντησις</span> <span class='ocrx_word' id='word_1_769' title='bbox 1601 5607 1615 5621; x_wconf 80' lang='grc'><strong><em>⁸</em></strong></span> <span class='ocrx_word' id='word_1_770' title='bbox 1702 5589 2023 5668; x_wconf 86' lang='grc' dir='ltr'>ἀγαλλίασις</span> 
     </span>
    </p>
   </div>
   <div class='ocr_carea' id='block_1_105' title="bbox 382 5670 2024 5757">
    <p class='ocr_par' dir='ltr' id='par_1_105' title="bbox 382 5670 2024 5757">
     <span class='ocr_line' id='line_1_105' title="bbox 382 5670 2024 5757; baseline 0 -22"><span class='ocrx_word' id='word_1_771' title='bbox 382 5677 506 5750; x_wconf 74' lang='grc' dir='ltr'>δὶὴ</span> <span class='ocrx_word' id='word_1_772' title='bbox 554 5682 671 5741; x_wconf 89' lang='grc' dir='ltr'>τοῖς</span> <span class='ocrx_word' id='word_1_773' title='bbox 722 5670 892 5738; x_wconf 77' lang='grc' dir='ltr'>ὄντως</span> <span class='ocrx_word' id='word_1_774' title='bbox 952 5676 1121 5738; x_wconf 82' lang='grc' dir='ltr'>ὁσίοις</span> <span class='ocrx_word' id='word_1_775' title='bbox 1180 5674 1544 5751; x_wconf 86' lang='grc' dir='ltr'>διαδεχομένη</span> <span class='ocrx_word' id='word_1_776' title='bbox 1596 5682 1742 5757; x_wconf 89' lang='grc' dir='ltr'>χαρὰ</span> <span class='ocrx_word' id='word_1_777' title='bbox 1796 5678 2024 5736; x_wconf 88' lang='grc' dir='ltr'>ἀνεκλά-</span> 
     </span>
    </p>
   </div>
   <div class='ocr_carea' id='block_1_106' title="bbox 382 5769 573 5843">
    <p class='ocr_par' dir='ltr' id='par_1_106' title="bbox 382 5769 573 5843">
     <span class='ocr_line' id='line_1_106' title="bbox 382 5769 573 5843; baseline -0.01 -16"><span class='ocrx_word' id='word_1_778' title='bbox 382 5769 573 5843; x_wconf 85' lang='grc' dir='ltr'>λητος.</span> 
     </span>
    </p>
   </div>
   <div class='ocr_carea' id='block_1_107' title="bbox 2138 4782 2899 4858">
    <p class='ocr_par' dir='ltr' id='par_1_107' title="bbox 2138 4782 2899 4858">
     <span class='ocr_line' id='line_1_107' title="bbox 2138 4782 2899 4858; baseline -0.001 -18"><span class='ocrx_word' id='word_1_779' title='bbox 2138 4784 2316 4858; x_wconf 84' lang='grc' dir='ltr'>στόμα</span> <span class='ocrx_word' id='word_1_780' title='bbox 2343 4788 2439 4839; x_wconf 91' lang='grc' dir='ltr'>τοῦ</span> <span class='ocrx_word' id='word_1_781' title='bbox 2467 4782 2689 4857; x_wconf 79' lang='grc' dir='ltr'>ἱματίου</span> <span class='ocrx_word' id='word_1_782' title='bbox 2714 4782 2899 4839; x_wconf 89' lang='grc' dir='ltr'>αὐτοῦ.</span> 
     </span>
    </p>
   </div>
   <div class='ocr_carea' id='block_1_108' title="bbox 2209 4870 3784 4949">
    <p class='ocr_par' dir='ltr' id='par_1_108' title="bbox 2209 4870 3784 4949">
     <span class='ocr_line' id='line_1_108' title="bbox 2209 4870 3784 4949; baseline 0.001 -23"><span class='ocrx_word' id='word_1_783' title='bbox 2209 4898 2239 4927; x_wconf 90' lang='grc'>‹‹</span> <span class='ocrx_word' id='word_1_784' title='bbox 2270 4873 2369 4928; x_wconf 92' lang='grc' dir='ltr'>Τὸν</span> <span class='ocrx_word' id='word_1_785' title='bbox 2408 4874 2650 4947; x_wconf 86' lang='grc' dir='ltr'>πώγωνα</span> <span class='ocrx_word' id='word_1_786' title='bbox 2675 4872 2767 4927; x_wconf 89' lang='grc' dir='ltr'>τὸν</span> <span class='ocrx_word' id='word_1_787' title='bbox 2798 4872 3033 4947; x_wconf 86' lang='grc' dir='ltr'>’Δαρών.</span> <span class='ocrx_word' id='word_1_788' title='bbox 3066 4894 3096 4923; x_wconf 82' lang='grc'><strong>››</strong></span> <span class='ocrx_word' id='word_1_789' title='bbox 3139 4903 3210 4913; x_wconf 88' lang='grc'><strong><em>-</em></strong></span> <span class='ocrx_word' id='word_1_790' title='bbox 3253 4870 3354 4925; x_wconf 90' lang='grc' dir='ltr'>Τὸν</span> <span class='ocrx_word' id='word_1_791' title='bbox 3405 4873 3654 4949; x_wconf 84' lang='grc' dir='ltr'>πώγωνα</span> <span class='ocrx_word' id='word_1_792' title='bbox 3698 4872 3784 4927; x_wconf 86' lang='grc' dir='ltr'>τὸν</span> 
     </span>
    </p>
   </div>
   <div class='ocr_carea' id='block_1_109' title="bbox 2135 4958 3788 5038">
    <p class='ocr_par' dir='ltr' id='par_1_109' title="bbox 2135 4958 3788 5038">
     <span class='ocr_line' id='line_1_109' title="bbox 2135 4958 3788 5038; baseline 0.001 -21"><span class='ocrx_word' id='word_1_793' title='bbox 2135 4966 2234 5019; x_wconf 87' lang='grc' dir='ltr'>τοῦ</span> <span class='ocrx_word' id='word_1_794' title='bbox 2284 4962 2496 5038; x_wconf 87' lang='grc' dir='ltr'>Ἀαρὼν</span> <span class='ocrx_word' id='word_1_795' title='bbox 2554 4959 2757 5035; x_wconf 72' lang='grc' dir='ltr'>εἴρηκε·</span> <span class='ocrx_word' id='word_1_796' title='bbox 2818 4958 2960 5015; x_wconf 90' lang='grc' dir='ltr'>διότι</span> <span class='ocrx_word' id='word_1_797' title='bbox 3014 4963 3231 5036; x_wconf 87' lang='grc' dir='ltr'>πρῶτος</span> <span class='ocrx_word' id='word_1_798' title='bbox 3307 4960 3473 5024; x_wconf 85' lang='grc' dir='ltr'>αὐτὸς</span> <span class='ocrx_word' id='word_1_799' title='bbox 3535 4961 3788 5037; x_wconf 78' lang='grc' dir='ltr'>ἐχρίσθη.</span> 
     </span>
    </p>
   </div>
   <div class='ocr_carea' id='block_1_110' title="bbox 2138 5047 3786 5125">
    <p class='ocr_par' dir='ltr' id='par_1_110' title="bbox 2138 5047 3786 5125">
     <span class='ocr_line' id='line_1_110' title="bbox 2138 5047 3786 5125; baseline -0.002 -17"><span class='ocrx_word' id='word_1_800' title='bbox 2138 5052 2364 5108; x_wconf 86' lang='grc' dir='ltr'>Δύναται</span> <span class='ocrx_word' id='word_1_801' title='bbox 2421 5048 2481 5106; x_wconf 73' lang='grc' dir='ltr'>δέ</span> <span class='ocrx_word' id='word_1_802' title='bbox 2536 5051 2709 5106; x_wconf 87' lang='grc' dir='ltr'>πάντα</span> <span class='ocrx_word' id='word_1_803' title='bbox 2754 5050 2900 5124; x_wconf 86' lang='grc' dir='ltr'>ἱερέα</span> <span class='ocrx_word' id='word_1_804' title='bbox 2947 5047 3132 5106; x_wconf 88' lang='grc' dir='ltr'>καλεῖν</span> <span class='ocrx_word' id='word_1_805' title='bbox 3178 5049 3416 5125; x_wconf 83' lang='grc' dir='ltr'>’Δαρὼν,</span> <span class='ocrx_word' id='word_1_806' title='bbox 3448 5049 3528 5113; x_wconf 84' lang='grc' dir='ltr'>ὡς</span> <span class='ocrx_word' id='word_1_807' title='bbox 3687 5056 3786 5105; x_wconf 75' lang='grc' dir='ltr'>Δα-</span> 
     </span>
    </p>
   </div>
   <div class='ocr_carea' id='block_1_111' title="bbox 2138 5139 2673 5216">
    <p class='ocr_par' dir='ltr' id='par_1_111' title="bbox 2138 5139 2673 5216">
     <span class='ocr_line' id='line_1_111' title="bbox 2138 5139 2673 5216; baseline -0.004 -20"><span class='ocrx_word' id='word_1_808' title='bbox 2138 5143 2245 5216; x_wconf 89' lang='grc' dir='ltr'>ρὼν</span> <span class='ocrx_word' id='word_1_809' title='bbox 2285 5139 2673 5216; x_wconf 87' lang='grc' dir='ltr'>καταγόμενον.</span> 
     </span>
    </p>
   </div>
   <div class='ocr_carea' id='block_1_112' title="bbox 2209 5225 3785 5306">
    <p class='ocr_par' dir='ltr' id='par_1_112' title="bbox 2209 5225 3785 5306">
     <span class='ocr_line' id='line_1_112' title="bbox 2209 5225 3785 5306; baseline -0.001 -23"><span class='ocrx_word' id='word_1_810' title='bbox 2209 5255 2236 5283; x_wconf 91' lang='grc'>‹‹</span> <span class='ocrx_word' id='word_1_811' title='bbox 2279 5231 2367 5292; x_wconf 72' lang='grc' dir='ltr'>Ὠς</span> <span class='ocrx_word' id='word_1_812' title='bbox 2436 5227 2629 5306; x_wconf 86' lang='grc' dir='ltr'>δρόσος</span> <span class='ocrx_word' id='word_1_813' title='bbox 2694 5229 2935 5305; x_wconf 83' lang='grc' dir='ltr'>’Ᾱερμὼν</span> <span class='ocrx_word' id='word_1_814' title='bbox 3002 5229 3037 5296; x_wconf 76' lang='grc' dir='ltr'><strong>ἡ</strong></span> <span class='ocrx_word' id='word_1_815' title='bbox 3105 5225 3503 5284; x_wconf 86' lang='grc' dir='ltr'>καταοαίνουσα</span> <span class='ocrx_word' id='word_1_816' title='bbox 3566 5229 3658 5284; x_wconf 75' lang='grc' dir='ltr'>ἐπὶ</span> <span class='ocrx_word' id='word_1_817' title='bbox 3722 5249 3785 5283; x_wconf 78' lang='grc' dir='ltr'>τα</span> 
     </span>
    </p>
   </div>
   <div class='ocr_carea' id='block_1_113' title="bbox 2135 5314 3783 5394">
    <p class='ocr_par' dir='ltr' id='par_1_113' title="bbox 2135 5314 3783 5394">
     <span class='ocr_line' id='line_1_113' title="bbox 2135 5314 3783 5394; baseline 0.001 -21"><span class='ocrx_word' id='word_1_818' title='bbox 2135 5314 2237 5394; x_wconf 74' lang='grc' dir='ltr'>ὅρη</span> <span class='ocrx_word' id='word_1_819' title='bbox 2288 5319 2455 5375; x_wconf 85' lang='grc' dir='ltr'>Σιών.</span> <span class='ocrx_word' id='word_1_820' title='bbox 2507 5341 2536 5370; x_wconf 89' lang='grc'><strong>››</strong></span> <span class='ocrx_word' id='word_1_821' title='bbox 2580 5318 2828 5393; x_wconf 79' lang='grc' dir='ltr'>’Δερμὼν</span> <span class='ocrx_word' id='word_1_822' title='bbox 2893 5315 3018 5390; x_wconf 78' lang='grc' dir='ltr'>ὅρος</span> <span class='ocrx_word' id='word_1_823' title='bbox 3092 5315 3203 5370; x_wconf 77' lang='grc' dir='ltr'>ἐστὶ</span> <span class='ocrx_word' id='word_1_824' title='bbox 3271 5318 3673 5391; x_wconf 84' lang='grc' dir='ltr'>παρακείμενον</span> <span class='ocrx_word' id='word_1_825' title='bbox 3711 5322 3783 5389; x_wconf 72' lang='grc' dir='ltr'>τῷ</span> 
     </span>
    </p>
   </div>
   <div class='ocr_carea' id='block_1_114' title="bbox 2133 5401 3783 5483">
    <p class='ocr_par' dir='ltr' id='par_1_114' title="bbox 2133 5401 3783 5483">
     <span class='ocr_line' id='line_1_114' title="bbox 2133 5401 3783 5483; baseline -0.001 -19"><span class='ocrx_word' id='word_1_826' title='bbox 2133 5405 2372 5481; x_wconf 85' lang='grc' dir='ltr'>Λιϐάνῳ,</span> <span class='ocrx_word' id='word_1_827' title='bbox 2423 5406 2586 5483; x_wconf 86' lang='grc' dir='ltr'>χιόνα</span> <span class='ocrx_word' id='word_1_828' title='bbox 2640 5403 2857 5474; x_wconf 84' lang='grc' dir='ltr'>πολλὴν</span> <span class='ocrx_word' id='word_1_829' title='bbox 2907 5401 3035 5481; x_wconf 79' lang='grc' dir='ltr'>ἔχον</span> <span class='ocrx_word' id='word_1_830' title='bbox 3094 5403 3196 5462; x_wconf 88' lang='grc' dir='ltr'>ἀεί.</span> <span class='ocrx_word' id='word_1_831' title='bbox 3238 5407 3399 5461; x_wconf 85' lang='grc' dir='ltr'>Ὅθεν</span> <span class='ocrx_word' id='word_1_832' title='bbox 3450 5407 3620 5481; x_wconf 79' lang='grc' dir='ltr'>ἀτμοὶ</span> <span class='ocrx_word' id='word_1_833' title='bbox 3671 5405 3783 5483; x_wconf 76' lang='grc' dir='ltr'>δρό-</span> 
     </span>
    </p>
   </div>
   <div class='ocr_carea' id='block_1_115' title="bbox 2135 5491 3777 5572">
    <p class='ocr_par' dir='ltr' id='par_1_115' title="bbox 2135 5491 3777 5572">
     <span class='ocr_line' id='line_1_115' title="bbox 2135 5491 3777 5572; baseline -0.004 -18"><span class='ocrx_word' id='word_1_834' title='bbox 2135 5520 2230 5554; x_wconf 91' lang='grc' dir='ltr'>σου</span> <span class='ocrx_word' id='word_1_835' title='bbox 2269 5494 2644 5571; x_wconf 87' lang='grc' dir='ltr'>ἀναδιδόμενοι</span> <span class='ocrx_word' id='word_1_836' title='bbox 2694 5495 2901 5568; x_wconf 89' lang='grc' dir='ltr'>θέρμην</span> <span class='ocrx_word' id='word_1_837' title='bbox 2951 5491 3302 5567; x_wconf 89' lang='grc' dir='ltr'>ἀποτελοῦσι,</span> <span class='ocrx_word' id='word_1_838' title='bbox 3334 5495 3427 5550; x_wconf 85' lang='grc' dir='ltr'>καὶ</span> <span class='ocrx_word' id='word_1_839' title='bbox 3472 5502 3595 5560; x_wconf 90' lang='grc' dir='ltr'>τοῖς</span> <span class='ocrx_word' id='word_1_840' title='bbox 3642 5492 3777 5572; x_wconf 77' lang='grc' dir='ltr'>ὄρεσι</span> 
     </span>
    </p>
   </div>
   <div class='ocr_carea' id='block_1_116' title="bbox 2130 5580 3777 5659">
    <p class='ocr_par' dir='ltr' id='par_1_116' title="bbox 2130 5580 3777 5659">
     <span class='ocr_line' id='line_1_116' title="bbox 2130 5580 3777 5659; baseline -0.004 -15"><span class='ocrx_word' id='word_1_841' title='bbox 2130 5595 2230 5659; x_wconf 86' lang='grc' dir='ltr'>τῆς</span> <span class='ocrx_word' id='word_1_842' title='bbox 2276 5588 2417 5643; x_wconf 87' lang='grc' dir='ltr'>Σιὼν</span> <span class='ocrx_word' id='word_1_843' title='bbox 2466 5585 2885 5658; x_wconf 73' lang='grc' dir='ltr'>ἐπιπέμπουσιῆ</span> <span class='ocrx_word' id='word_1_844' title='bbox 2904 5580 3079 5651; x_wconf 79' lang='grc' dir='ltr'>καλὴν</span> <span class='ocrx_word' id='word_1_845' title='bbox 3128 5583 3223 5656; x_wconf 73' lang='grc' dir='ltr'>μὲν</span> <span class='ocrx_word' id='word_1_846' title='bbox 3276 5582 3465 5658; x_wconf 76' lang='grc' dir='ltr'>οὖσαν,</span> <span class='ocrx_word' id='word_1_847' title='bbox 3498 5586 3577 5648; x_wconf 83' lang='grc' dir='ltr'>ὡς</span> <span class='ocrx_word' id='word_1_848' title='bbox 3626 5586 3777 5659; x_wconf 84' lang='grc' dir='ltr'>ἀναγ-</span> 
     </span>
    </p>
   </div>
   <div class='ocr_carea' id='block_1_117' title="bbox 2131 5670 3772 5751">
    <p class='ocr_par' dir='ltr' id='par_1_117' title="bbox 2131 5670 3772 5751">
     <span class='ocr_line' id='line_1_117' title="bbox 2131 5670 3772 5751; baseline -0.001 -18"><span class='ocrx_word' id='word_1_849' title='bbox 2131 5677 2283 5733; x_wconf 90' lang='grc' dir='ltr'>καίαν</span> <span class='ocrx_word' id='word_1_850' title='bbox 2327 5680 2396 5751; x_wconf 79' lang='grc' dir='ltr'>τῇ</span> <span class='ocrx_word' id='word_1_851' title='bbox 2444 5679 2538 5750; x_wconf 81' lang='grc' dir='ltr'>γῇ,</span> <span class='ocrx_word' id='word_1_852' title='bbox 2586 5674 2821 5747; x_wconf 78' lang='grc' dir='ltr'>τερπνὴν</span> <span class='ocrx_word' id='word_1_853' title='bbox 2883 5670 2961 5744; x_wconf 75' lang='grc' dir='ltr'>δὲ,</span> <span class='ocrx_word' id='word_1_854' title='bbox 3011 5673 3087 5735; x_wconf 88' lang='grc' dir='ltr'>ὡς</span> <span class='ocrx_word' id='word_1_855' title='bbox 3152 5671 3386 5745; x_wconf 86' lang='grc' dir='ltr'>ὁμαλῶς</span> <span class='ocrx_word' id='word_1_856' title='bbox 3449 5674 3543 5730; x_wconf 84' lang='grc' dir='ltr'>καὶ</span> <span class='ocrx_word' id='word_1_857' title='bbox 3580 5673 3772 5745; x_wconf 73' lang='grc' dir='ltr'>,ἡδέως</span> 
     </span>
    </p>
   </div>
   <div class='ocr_carea' id='block_1_118' title="bbox 2132 5752 3773 5847">
    <p class='ocr_par' dir='ltr' id='par_1_118' title="bbox 2132 5752 3773 5847">
     <span class='ocr_line' id='line_1_118' title="bbox 2132 5752 3773 5847; baseline -0.007 -23"><span class='ocrx_word' id='word_1_858' title='bbox 2132 5764 2592 5847; x_wconf 74' lang='grc' dir='ltr'>καταφερομένην.</span> <span class='ocrx_word' id='word_1_859' title='bbox 2640 5762 2790 5819; x_wconf 80' lang='grc' dir='ltr'>Ἐπεὶ</span> <span class='ocrx_word' id='word_1_860' title='bbox 2834 5760 2926 5819; x_wconf 83' lang='grc' dir='ltr'>οῦν</span> <span class='ocrx_word' id='word_1_861' title='bbox 2977 5761 3037 5817; x_wconf 88' lang='grc' dir='ltr'>έκ</span> <span class='ocrx_word' id='word_1_862' title='bbox 3070 5764 3167 5817; x_wconf 86' lang='grc' dir='ltr'>τοῦ</span> <span class='ocrx_word' id='word_1_863' title='bbox 3209 5762 3464 5838; x_wconf 84' lang='grc' dir='ltr'>Ἀερμὼν</span> <span class='ocrx_word' id='word_1_864' title='bbox 3514 5752 3632 5841; x_wconf 56' lang='grc' dir='ltr'>ἔχει</span> <span class='ocrx_word' id='word_1_865' title='bbox 3681 5763 3773 5830; x_wconf 77' lang='grc' dir='ltr'>τήν</span> 
     </span>
    </p>
   </div>
  </div>
