3998 6466
234 472 359 535 1601

1414 471 1829 536 EXPOSITIO
1874 476 1950 536 IN
1998 476 2383 540 PSALMOS.
2413 455 2418 461 ’

3444 490 3469 546 1
3480 490 3594 551 602

233 603 381 694 αἰτίαν
410 603 809 694 τῆςῗγενέσεως
852 606 889 675 ἡ
940 601 1133 681 δρόσος
1186 600 1344 674 αὕτη,
1376 600 1567 680 δρόσον
1600 604 1844 680 Ἀερμὼν
1876 613 1930 680 Α
1958 607 2166 694 καὶτὸν
2199 608 2301 682 Ὢγ
2362 608 2587 683 βασιλέα
2640 616 2739 682 τῆς
2792 615 2988 683 Βασάν,
3016 613 3107 670 καὶ
3152 616 3323 678 πάσας
3353 617 3447 680 τὰς
3499 618 3593 694 βα-

230 689 454 748 ἐκάλεσεν
482 693 674 764 αὐτήν.

288 784 454 836 «Ὅτι
500 781 611 836 ἐκεῖ
659 779 959 837 ἐνετείλατο
1002 781 1199 856 Κύριος
1239 783 1339 851 τὴν
1386 781 1663 857 εὐλογίαν,
1700 782 1843 851 ζωὴν

226 867 314 933 ἕως
355 875 447 926 τοῦ
499 870 718 934 αἰῶνος.
767 892 794 925 υ
842 904 913 914 —-
968 872 1134 941 Ἐκεῖ,
1185 871 1456 927 τουτέστιν
1506 870 1557 925 ἐν
1605 874 1674 945 τῇ
1732 872 1846 944 μεθ’

226 959 462 1033 ὁμονοίας
520 961 753 1032 οἰκήσει,
793 961 883 1015 καὶ
949 961 1048 1030 τήν
1104 958 1267 1015 αὐτοῦ
1322 957 1483 1036 χάριν
1543 957 1846 1014 ἐνετείλατο

227 1048 345 1104 εἶναι
380 1048 407 1102 6
437 1047 633 1124 Κύριος
662 1049 753 1104 καὶ
787 1050 929 1119 ζωὴν
965 1052 1195 1125 μακράν.

768 1189 1066 1240 ΨΑΛΜΟΣ
1106 1189 1268 1241 ΡΛΓ’.

291 1312 316 1342 ι(
340 1287 475 1344 Ἰδοὺ
506 1286 573 1359 δὴ
606 1288 883 1366 εὐλογεῖτε
910 1289 1002 1344 τόν
1042 1287 1259 1365 Κύριον,
1300 1289 1492 1350 πάντες
1537 1284 1591 1342 οἰ
1657 1285 1847 1343 δοῦλοι

227 1378 426 1453 Κυρίου,
468 1380 522 1433 οἰ
573 1379 799 1441 ἑστῶτες
857 1377 910 1432 ἐν
962 1376 1098 1450 οἷ’κῳ
1136 1377 1359 1453 Κυρίου,
1408 1376 1458 1431 ἐν
1516 1375 1708 1438 αὐλαῖς
1766 1372 1846 1430 οἷ’-

224 1488 311 1522 κου
361 1471 493 1523 Θεοῦ
549 1469 729 1541 ἡμῶν.
777 1491 800 1520 ι
854 1499 925 1510 -ο
979 1465 1129 1521 Ἐπεὶ
1180 1467 1208 1521 6
1260 1464 1510 1538 πόλεμος
1582 1463 1847 1520 πέπαυται

221 1555 500 1619 καὶὸναὸς
539 1555 630 1611 σὺν
688 1559 759 1631 τῇ
816 1554 978 1611 πόλει
1035 1552 1457 1628 ἀνῳκοδόμητο,
1487 1554 1847 1631 προτρέπεται

223 1642 493 1720 ὁψαλμὸς
553 1644 890 1722 εὐχαριστεῖν
938 1643 1020 1700 ἀεὶ
1075 1665 1154 1717 τῳ
1192 1648 1309 1716 Θεῷ
1362 1642 1492 1705 τοὺς
1549 1640 1848 1719 πληρωτὰς

217 1738 314 1790 τῶν
349 1734 510 1789 αὐτοῦ
567 1733 800 1790 ἐντολῶν
858 1740 959 1804 τῆς
1015 1732 1067 1787 ἐν
1114 1738 1195 1805 τῷ
1239 1731 1353 1806 ναῷ
1399 1733 1635 1794 στάσεως
1671 1722 1889 1803 -ιίιξιωἰ

222 1821 400 1896 μένους
467 1820 765 1878 ἀνατείνειν
838 1823 936 1884 τὰς
1001 1827 1193 1897 χεῖρας
1262 1821 1338 1883 εἰς
1406 1820 1473 1875 τὰ
1520 1823 1680 1895 Ἅγια
1743 1823 1852 1874 τῶν

220 1910 395 1986 ἁγίων,
440 1911 515 1985 μὴ
569 1910 732 1985 μόνον
781 1909 832 1965 ἐν
886 1910 1142 1985 ἡμέραις,
1173 1908 1320 1965 ἀλλὰ
1362 1910 1452 1965 καὶ
1502 1908 1555 1964 ἐν
1592 1909 1723 1982 νυξὶ,
1753 1907 1843 1963 καὶ

220 1982 607 2076 ἀγρυπνοῦντας
663 1982 943 2079 εὐφημεῖν
973 1982 1065 2055 τὸν
1110 1999 1264 2073 Θεὸν,
1314 1999 1428 2055 εἶτα
1493 1997 1847 2074 ὑπερεύχεται
1876 1982 1926 2048 Β

216 2088 428 2146 τούτων.

772 2224 1066 2279 ΨΑΛΜΟΣ
1105 2223 1267 2279 ΡΛΔ’.

284 2353 311 2382 ‹‹
341 2329 549 2384 Αἰνεῖτε
574 2328 637 2383 τὸ
686 2322 862 2401 ὄνομα
907 2327 1123 2405 Κυρίου,
1156 2327 1353 2383 αἴνεῖτε
1400 2325 1588 2383 δοῦλοι
1648 2326 1841 2403 Κύριον

215 2419 264 2473 οἱ
307 2417 528 2479 ἐστῶτες
577 2416 628 2472 ἐν
678 2413 816 2489 οἷ’κῳ
862 2416 1087 2493 Κυρίου,
1140 2415 1192 2472 ἐν
1252 2414 1444 2478 αὐλαῖς
1509 2411 1663 2470 οἷ’κου
1711 2419 1845 2470 Θεοῦ

212 2510 382 2582 ἡμῶν.
438 2505 649 2562 Αἰνεῖτε
692 2505 785 2560 τὸν
831 2505 1050 2584 Κύριον,
1083 2504 1165 2561 ὅτι
1215 2504 1412 2580 ἀγαθὸς
1467 2502 1684 2579 Κύριος.
1718 2528 1747 2556 ›)
1776 2536 1847 2547 --

211 2600 327 2659 Τοῖς
354 2596 457 2672 γὰρ
492 2597 567 2669 μὴ
603 2594 827 2650 ἑστῶσιν
859 2593 911 2650 ἐν
942 2595 1023 2668 τῷ
1058 2598 1171 2667 ναῷ
1199 2593 1297 2649 οὐκ
1346 2593 1464 2667 ἐξῆν
1521 2593 1704 2667 ὑμνεῖν
1750 2593 1843 2649 τὸν

211 2684 352 2741 Θεόν.

283 2796 307 2826 ι
338 2771 559 2828 Ψάλατε
602 2776 685 2845 τῷ
736 2770 962 2846 ὀνόματι
1002 2770 1166 2827 αὐτοῦ
1216 2770 1300 2826 ὅτι
1342 2768 1532 2827 καλόν.
1568 2793 1599 2822 ››
1635 2802 1705 2814 --
1738 2776 1844 2825 Κα-

211 2861 302 2918 λὸν
356 2862 418 2917 τὸ
465 2858 695 2936 ψάλλειν
754 2865 888 2934 Θεῷ’
939 2860 1182 2939 καθαίρει
1240 2860 1343 2937 γὰρ
1381 2864 1480 2915 τοῦ
1536 2856 1846 2934 ψάλλοντος

211 2952 309 3021 τὴν
339 2952 548 3025 ψυχήν.

280 3063 309 3093 ‹‹
340 3041 457 3094 Ὅτι
511 3038 602 3095 τὸν
664 3032 858 3093 Ἰακὼϐ
916 3036 1189 3110 ἐξελέξατο
1247 3039 1421 3111 ἑαυτῷ
1476 3038 1504 3092 6
1563 3037 1782 3115 Κύριος.
1816 3060 1845 3089 ››

212 3163 277 3173 -
305 3126 500 3184 Ἰακὼϐ
531 3127 785 3202 ὀνομάζει
822 3128 913 3182 τὸν
959 3126 1011 3198 ἐξ
1057 3122 1248 3183 Ἰακὼϐ
1290 3126 1628 3202 κατηγμένον
1690 3124 1845 3195 λαὸν,

208 3220 267 3274 ’ὀν
324 3217 383 3273 ἐκ
437 3216 650 3272 πάντων
705 3220 812 3272 τῶν
870 3215 1032 3271 ἐθνῶν
1089 3215 1360 3290 ἐξελέξατο
1417 3216 1540 3271 καὶ·
1586 3216 1842 3287 ἀνέθηκεν

207 3307 380 3380 ἑαυτῷ
409 3307 438 3362 6
468 3306 686 3382 Κύριος.

279 3419 309 3450 ιι
339 3393 558 3470 Ἰσραὴλ
612 3395 686 3457 εἷς
731 3395 1151 3472 περιουσιασμὸν
1202 3395 1394 3467 ἐαυτῷ.
1430 3419 1458 3447 ››
1499 3427 1568 3437 —-
1616 3400 1839 3470 Περιου-

201 3483 431 3559 σιασμόν
496 3505 627 3563 φησι
704 3485 803 3553 τὴν
870 3484 1201 3561 περιουσίαν,
1266 3485 1366 3553 τὴν
1439 3483 1684 3559 ὕπαρξιν,
1748 3483 1841 3538 τὸν

200 3573 441 3630 πλοῦτον
451 3619 464 3632 .

279 3665 451 3718 «Ὅτι
510 3662 619 3738 ἐγὼ
684 3660 898 3739 ἔγνωκα
954 3661 1038 3718 ὅτι
1107 3663 1272 3740 μέγας
1330 3664 1358 3718 ὁ
1418 3662 1635 3739 Κύριος,
1667 3663 1756 3717 καὶ
1814 3663 1842 3717 6

201 3751 404 3828 Κύριος
445 3753 602 3825 ἡμῶν
655 3753 802 3827 παρὰ
847 3752 1049 3814 πάντας
1093 3750 1220 3814 τοὺς
1266 3752 1440 3815 θεούς.
1496 3775 1517 3803 ιο
1563 3784 1634 3795 -—-
1682 3752 1843 3828 Ἐγὼ,

200 3841 391 3919 φησὶν,
443 3835 650 3917 ἔγνωκα
712 3834 1089 3917 ἀκριϐέστερον
1150 3842 1248 3911 τὴν
1307 3838 1695 3916 μεγαλωσύνην
1746 3845 1845 3895 τοῦ

200 3933 361 3985 Θεοῦ⁶
433 3933 543 3984 τῶν
614 3929 718 4004 γάρ
793 3923 1207 3999 ἀναϐεϐηκότων
1293 3927 1432 3985 ἐστὶν
1507 3931 1542 4000 ἡ
1616 3927 1841 4000 τοιαύτη

197 4023 428 4094 γνῶσις.

274 4131 305 4161 ‹‹
339 4105 519 4163 Πάντα
595 4105 694 4162 ὅσα
773 4104 1038 4177 ἠθέλησεν
1087 4109 1115 4163 6
1185 4106 1406 4180 Κύριος,
1461 4106 1711 4178 ἐποίησεν
1791 4107 1843 4162 ἐν

194 4200 280 4269 τῷ
331 4195 545 4270 οὐρανῷ
580 4195 669 4251 καὶ
719 4196 772 4251 ἐν
814 4195 883 4270 τῇ
929 4199 1027 4271 γῇ,
1057 4194 1110 4251 ἐν
1156 4201 1278 4259 ταῖς
1315 4195 1605 4259 θαλάσσαις
1653 4196 1742 4251 καὶ
1791 4196 1843 4251 ἐν

195 4284 400 4347 πάσαις
472 4289 590 4346 ταῖς
659 4279 932 4347 ἀϐύσσοις.
984 4307 1013 4336 ››
1072 4318 1141 4326 —-
1189 4283 1468 4348 Θαλάσσας
1536 4285 1631 4358 μὲν
1696 4283 1848 4360 λέγει

191 4372 331 4436 τοὺς
385 4370 676 4452 διαφόρους
729 4371 970 4436 κόλπους
1016 4367 1282 4436 ἀϐύσσους
1330 4370 1389 4428 δὲ
1430 4373 1500 4428 τὰ
1544 4374 1847 4445 κατώτατα,

190 4464 267 4519 τὰ
295 4461 698 4538 ἀνεξερεύνητα.

276 4576 307 4606 ‹‹
345 4551 590 4628 Ἀνάγων
643 4550 869 4631 νεφέλας
926 4552 979 4623 ἐξ
1049 4551 1291 4629 ἐσχάτων
1360 4559 1461 4623 τῆς
1534 4559 1656 4629 γῆς.
1707 4576 1737 4604 »
1781 4586 1851 4595 —

1953 692 2158 758 σιλείας
2210 697 2439 756 Χαναάν.
2473 723 2501 750 ››

1954 782 2118 848 ἐθνῶν
2129 830 2142 843 .

2532 733 2602 743 --
2658 700 2792 764 Τοὺς
2843 703 3116 780 ἡγεμόνας
3171 709 3278 760 τῶν
3329 706 3593 763 τοιούτων

2026 898 2054 926 ‹‹
2089 874 2268 950 Κύριε,
2315 875 2379 931 τὸ
2454 873 2629 952 ὄνομά
2699 900 2795 935 σου
2868 881 2945 943 εἰς
3008 883 3100 938 τὸν
3156 884 3345 940 αἰῶνα·
3390 885 3480 940 καὶ
3528 887 3590 942 τὸ

1959 962 2304 1035 μνημόσυνόν
2367 986 2460 1020 σου
2518 966 2593 1028 εἰς
2650 969 2832 1044 γενεὰν
2885 970 2975 1025 καὶ
3031 973 3235 1046 γενεάν.
3289 997 3317 1025 ››
3371 1003 3441 1017 --
3495 977 3594 1032 Διά

1952 1055 2140 1124 ταῦτα,
2181 1053 2334 1131 φησὶ,
2382 1054 2442 1108 τὸ
2491 1050 2666 1129 ὄνομά
2713 1078 2808 1113 σου
2851 1060 2942 1114 καὶ
2987 1062 3022 1128 ἡ
3074 1063 3265 1135 μνήμη
3318 1084 3413 1118 σου
3445 1061 3595 1120 ἀΐδια

1956 1138 2170 1195 ἔσονται
2207 1144 2354 1219 παρὰ
2378 1148 2497 1206 τοῖς
2527 1144 2970 1222 εὐεργετηθεῖσιν.

2028 1253 2057 1282 ‹‹
2087 1231 2211 1287 *Ὀτι
2255 1237 2430 1306 κρινεῖ
2476 1232 2673 1307 Κύριος
2719 1236 2810 1290 τὸν
2861 1234 2991 1293 λαὸν
3023 1238 3208 1297 αὐτοῦ.
3240 1263 3267 1295 υ
3303 1274 3372 1285 -—
3402 1243 3470 1297 Ἢ
3513 1264 3598 1298 τοι

1958 1315 2234 1390 ἐκδικήσει
2271 1319 2645 1396 βλαπτόμενον
2674 1331 2799 1399 παρ’
2827 1324 3061 1402 ἐχθρῶν.

2033 1432 2054 1458 ι
2090 1407 2189 1462 Καί
2238 1408 2325 1463 ἐπὶ
2381 1416 2497 1473 τοῖς
2546 1408 2766 1475 δούλοις
2816 1413 2981 1470 αὐτοῦ
3032 1416 3532 1493 παρακληθήσεται.
3567 1446 3596 1474 ››

1956 1528 2026 1537 -
2082 1494 2443 1571 Ἰλεουμένοις
2498 1501 2671 1557 αὐτῶν
2748 1501 3212 1582 ἐπικαμφθήσεται
3294 1510 3385 1564 καὶ
3455 1511 3599 1567 ἀντι-

1959 1585 2190 1660 λήψεται
2220 1587 2426 1643 τούτων
2437 1631 2450 1645 .

2031 1699 2059 1726 ‹‹
2088 1677 2163 1730 Ta
2201 1673 2405 1767 εἰ¹δωλα
2431 1682 2540 1733 τῶν
2571 1679 2734 1735 ἐθνῶν
2766 1680 3018 1760 ἀργύριον
3067 1685 3155 1741 καὶ
3187 1687 3437 1764 χρυσίον,
3468 1685 3598 1767 ἔργα

1958 1767 2160 1840 χειρῶν
2220 1763 2538 1839 ἀνθρώπων,
2575 1792 2604 1820 ››
2637 1801 2704 1813 —-
2732 1767 2978 1827 Εἷδωλόν
3039 1772 3202 1846 ἐστιν,
3232 1763 3294 1831 οὗ
3349 1778 3413 1832 τὸ
3443 1763 3594 1855 πρω-

1954 1851 2210 1926 τότυπον,
2242 1853 2624 1911 ἀνυπόστατον·
2659 1858 2815 1913 εἰκὼν
2877 1859 2935 1916 δέ
2991 1861 3153 1933 ἐστιν,
3189 1861 3391 1942 ἔχουσα
3437 1851 3591 1945 πρω-

1951 1940 2182 1996 τότυπον
2217 1942 2476 2020 ὑφεστὼς.

2027 2054 2057 2084 ι(
2089 2030 2547 2122 ΘῖκοςῄἸσραήλ,
2606 2033 2937 2114 εὐλογήσατε
3006 2042 3098 2097 τὸν
3167 2043 3381 2122 Κύριον·
3443 2047 3592 2112 οἶκος

1956 2118 2182 2194 Ἀαρὼν,
2241 2118 2572 2198 εὐλογήσατε
2635 2126 2727 2181 τὸν
2803 2128 3021 2206 Κύριον.
3084 2157 3107 2187 ι
3169 2118 3258 2177 --’
3297 2137 3595 2211 Ὑμνήσατε

1952 2208 2149 2271 πάντες
2182 2206 2271 2264 διὰ
2299 2211 2394 2273 τὰς
2426 2209 2762 2283 δηλωθείσας
2793 2216 3116 2295 εὐεργεσίας.

2029 2320 2058 2394 ξ(
2086 2296 2405 2373 Εὐλογητὸς
2472 2300 2667 2379 Κύριος
2728 2304 2787 2360 ἐκ
2827 2308 2968 2362 Σιὼν
3002 2310 3030 2363 6
3076 2318 3342 2370 κατοικῶν
3402 2316 3601 2394 Ἰερου-

1955 2384 2172 2478 σαλήμ,
2220 2412 2255 2478 ››Δ
2293 2422 2361 2432 -
2414 2393 2599 2464 ’Ἄξιος
2659 2393 2936 2467 ὑμνεῖσθαι
2993 2400 3022 2454 6
3071 2400 3266 2476 Κύριος
3298 2405 3441 2469 ῐξάπὸ
3475 2384 3597 2478 ¹τῆς

1955 2475 2119 2569 Σιὼν,
2152 2476 2212 2569 ’ὀῌς
2239 2476 2290 2532 ἐν
2318 2481 2388 2551 τῇ
2421 2480 2780 2569 Ἰερουσαλήμ
2821 2482 2937 2560 ἔχει
2993 2489 3057 2543 τὸ
3101 2475 3438 2569 οἰκητήριον,
3469 2475 3597 2564 ἤτοι

1952 2563 2058 2655 τὸν,
2096 2564 2242 2624 ναόν.
2302 2573 2516 2623 Νοεῖται
2595 2567 2654 2625 δὲ
2707 2571 2735 2626 6
2793 2572 3017 2647 οὐρανὸς
3073 2563 3435 2655 Ἰερουσαλήμ
3496 2563 3593 2640 καὶ

1954 2653 2120 2709 Σιών.

2512 2806 2804 2858 ΨΔΛΜΟΣ
2846 2808 3010 2864 PAE'.

2026 2937 2470 3027 Ἐξομολογεῖσθε
2523 2948 2602 3016 τῷ
2659 2946 2840 3021 Κυρίῳ
2897 2947 2979 3004 ὅτι
3027 2949 3246 3027 ἀγαθός·
3280 2953 3362 3010 ὅτι
3395 2957 3470 3021 εἰς
3498 2960 3588 3014 τὸν

1952 3026 2122 3083 αἰῶνα
2148 3029 2212 3083 τὸ
2242 3025 2394 3093 ἔλεος
2434 3030 2618 3091 αὐτοῦ.
2652 3056 2680 3086 ››
2712 3067 2775 3077 --η
2837 3025 3221 3115 Εὐχαριστεῖτε
3275 3048 3354 3117 τῷ
3409 3047 3591 3123 Κυρίῳ

1955 3117 2086 3193 ὑπὲρ
2141 3123 2248 3174 τῶν
2307 3121 2514 3196 μυρίων
2574 3121 2891 3198 εὐεργεσιῶν
2950 3127 3134 3201 αὐτοῦ,
3183 3128 3266 3185 ὅτι
3315 3134 3378 3187 τὸ
3437 3117 3589 3198 ἔλεος

1952 3206 2116 3300 αὐτοῦ
2170 3208 2389 3300 αἰωνιόν
2437 3210 2547 3266 ἐστι
2583 3213 2659 3285 μὴ
2692 3209 3112 3290 διακοπτόμενον
3171 3221 3414 3280 πώποτε.
3446 3225 3591 3300 Πρὸς

1956 3295 2193 3352 ἐπίτασιν
2255 3294 2312 3353 δὲ
2366 3303 2463 3354 τοῦ
2516 3301 2766 3357 τοιούτου
2824 3301 3009 3367 ἐλέους
3066 3294 3506 3384 ἀκροτελεύτιοί
3538 3313 3590 3369 ἐν

1952 3393 2082 3445 πᾶσι
2133 3392 2249 3450 τοῖς
2306 3387 2387 3465 ἐφ’
2442 3390 2565 3463 ἑξῆς
2617 3390 2818 3447 τέθεικε
2864 3393 3074 3470 στίχοις
3128 3397 3212 3471 τὸ,
3262 3423 3283 3451 α
3342 3403 3463 3457 Ὅτι
3518 3402 3594 3467 εἰς

1952 3474 2045 3532 τόν
2078 3477 2246 3532 αἰῶνα
2274 3478 2336 3532 τὸ
2364 3474 2516 3541 ἔλεος
2547 3478 2731 3537 αὐτοῦ.
2764 3505 2794 3533 ››

2026 3590 2055 3619 ι(
2086 3566 2536 3643 Ἐξομολογεῖσθε
2568 3574 2670 3642 ,τῷ
2720 3575 2835 3643 Θεῷ
2888 3576 2995 3628 τῶν
3044 3576 3197 3632 θεῶν·
3231 3576 3313 3633 ὅτι
3374 3578 3448 3643 εἰς
3494 3582 3588 3636 τὸν

1955 3653 2125 3710 αἰῶνα
2150 3655 2213 3709 τὸ
2244 3651 2395 3718 ἔλεος
2453 3656 2633 3712 αὐτοῦ.
2665 3680 2693 3713 ιι
2727 3692 2797 3702 -—-
2827 3661 2924 3716 Καὶ
2962 3668 3067 3719 τῶν
3128 3663 3425 3741 δαιμόνων,
3452 3671 3586 3727 θεῶν

1952 3740 2081 3813 ἤτοι
2130 3747 2237 3798 τῶν
2300 3742 2565 3816 εἰδώλων,
2619 3749 2653 3817 ἣ
2705 3753 2813 3805 τῶν
2875 3749 2928 3807 ἐν
2986 3752 3170 3817 αὐτοῖς
3227 3740 3588 3834 ἐνεργούντων

1954 3828 2227 3921 δαιμόνων
2282 3831 2443 3896 αὐτός
2497 3835 2606 3890 ἐστι
2674 3837 2823 3901 Θεός·
2858 3838 3016 3904 αὐτὸς
3060 3843 3164 3921 γὰρ
3195 3844 3255 3899 ἐκ
3422 3843 3590 3905 ὄντων

1951 3920 2019 3973 τὰ
2046 3918 2219 3974 πάντα
2246 3923 2585 3997 παρήγαγεν.

2026 4033 2055 4062 ι(
2087 4007 2532 4100 Ἐξομολογεῖσθε
2572 4017 2682 4100 ,Ατῷ
2764 4016 2947 4092 Κυρίῳ
3026 4023 3131 4074 τῶν
3219 4021 3445 4100 κυρίων⁶
3509 4022 3592 4079 ὅτι

1955 4098 2033 4161 εἰς
2084 4097 2176 4154 τὸν
2230 4099 2398 4155 αἰῶνα
2448 4100 2511 4155 τὸ
2568 4096 2719 4165 ἔλεος
2776 4103 2959 4163 αὐτοῦ.
3020 4132 3050 4159 ››
3108 4143 3177 4152 -
3235 4096 3407 4175 Αὐτὸς
3489 4113 3594 4191 γὰρ

1960 4185 2212 4264 βασιλεὺς
2263 4192 2372 4243 τῶν
2429 4188 2846 4266 βασιλευόντων,
2895 4195 2985 4251 καὶ
3041 4198 3236 4273 Κύριος
3319 4205 3426 4257 τῶν
3501 4185 3596 4257 κυψ-

1959 4297 1987 4354 ρ
1998 4276 2245 4331 ιευόντων
2256 4320 2268 4333 .

2030 4389 2058 4419 ‹‹
2088 4366 2176 4438 Τῷ
2231 4369 2518 4438 ποιήσαντι
2567 4369 2837 4444 θαυμάσια
2884 4372 3092 4451 μεγάλα
3143 4377 3318 4451 μόνῳ’
3367 4378 3450 4435 ὅτι
3518 4379 3597 4443 εἰς

1956 4456 2047 4543 τὸν
2075 4455 2247 4511 αἰῶνα
2273 4457 2336 4511 τὸ
2365 4453 2517 4520 ἔλεος
2565 4457 2750 4517 αὐτοῦ.
2784 4484 2812 4512 ››
2843 4495 2912 4505 —-
2939 4467 3025 4536 Τῷ
3075 4464 3225 4539 μόνῳ
3267 4469 3404 4543 πρὸς
3452 4468 3599 4523 ἀντι-

1960 4542 2250 4614 διαστολήν
2312 4551 2484 4601 κεῖται
2566 4551 2673 4602 τῶν
2737 4546 2982 4607 εἰδώλων
3038 4573 3098 4608 τε
3152 4553 3240 4609 καὶ
3301 4542 3597 4630 δαιμόνων

193 4643 262 4701 ⁸ο
288 4641 346 4714 ἐξ
391 4640 557 4697 αὐτοῦ
600 4630 1044 4697 τοῖ’,ίκατωτάτου
1097 4642 1296 4719 βάθους
1338 4644 1437 4711 τῆς
1475 4649 1577 4718 γῆς
1637 4641 1851 4718 βαρείας
1886 4713 1921 4721 _
1957 4630 2051 4688 ἕνα
2107 4633 2209 4709 γὰρ
2267 4634 2392 4693 Θεὸν
2443 4635 2533 4690 καὶ
2609 4636 2802 4713 Κύριον
2880 4638 3027 4716 λέγει
3099 4642 3192 4699 τὸν
3263 4645 3601 4721 παντουργὸν

189 4730 438 4810 νεφέλας
473 4730 833 4806 μετεωρίζων.

278 4843 310 4876 α
342 4820 650 4895 Ἀστραπὰς
717 4820 795 4883 εἷς
866 4820 1015 4876 ὑετὸν
1087 4818 1360 4889 ἐποίησεν.
1414 4842 1443 4872 ››
1486 4852 1556 4861 —-
1596 4819 1693 4881 Εἰς
1756 4818 1848 4875 τὸν

191 4909 362 4966 ὑετὸν
395 4908 617 4981 ἐποίησε
644 4908 733 4964 καὶ
764 4909 1058 4984 ἀστραπὰς,
1098 4908 1188 4963 καὶ
1233 4908 1301 4964 τὰ
1356 4909 1618 4986 φθαρτικὰ
1672 4905 1851 4980 ἀλλή-

188 4997 341 5070 λων,
372 4997 439 5053 τὸ
467 4995 614 5072 ὕδωρ
643 4998 733 5053 καὶ
758 4998 821 5053 τὸ
850 5002 980 5074 πῦρ,
1011 4999 1152 5072 ὁμοῦ
1191 5000 1574 5074 συνετήρησεν.

271 5111 307 5141 ‹‹
342 5088 402 5141 Ὃ
460 5085 658 5163 ἐξάγων
714 5086 945 5161 ἀνέμους
1000 5085 1060 5142 ἐκ
1114 5088 1398 5161 θησαυρῶν
1454 5085 1638 5142 αὐτοῦ.
1697 5110 1727 5140 ››
1786 5119 1854 5129 -

188 5175 528 5251 Θησαυροὺς
606 5175 771 5231 αὐτοῦ
847 5174 995 5253 λέγει
1065 5174 1193 5238 τοὺς
1262 5174 1606 5253 ἀποκρύφους
1651 5175 1853 5238 τόπους

189 5264 325 5319 ὅθεν
362 5263 673 5341 ἐξέρχονται
705 5266 756 5320 οἰ
787 5261 1000 5339 ἄνεμοι,
1031 5266 1069 5335 ἢ
1119 5264 1193 5326 ὡς
1250 5262 1309 5319 ἐκ
1356 5266 1638 5341 θησαυρῶν
1692 5263 1857 5319 αὐτοῦ

188 5348 294 5406 διὰ
324 5351 394 5405 τὸ
426 5348 650 5405 εὔκολον
676 5353 776 5420 τῆς
809 5350 1110 5427 ἐξαγωγῆς.

274 5462 310 5492 ‹‹
341 5440 446 5494 Καὶ
510 5438 849 5510 ἐξαπέστειλε
922 5446 1123 5514 σημεῖα
1183 5440 1273 5495 καὶ
1348 5440 1543 5514 τέρατα
1598 5437 1648 5495 ἐν
1711 5439 1858 5514 μέσῳ

188 5549 330 5600 σου,
365 5526 624 5603 Αἴγυπτε.
661 5554 691 5582 ››
718 5562 786 5572 -—
813 5529 884 5584 T6
937 5528 989 5585 έν
1048 5530 1198 5603 μέσῳ
1249 5529 1313 5584 τὸ
1361 5533 1642 5605 πανταχοῦ
1694 5527 1861 5601 δηλοῖ

182 5618 293 5673 καὶ
324 5618 395 5672 τὸ
435 5622 698 5695 φανερῶς.
1844 5672 1851 5679 .

270 5730 305 5760 ‹‹
337 5708 436 5770 Ὃς
487 5706 737 5778 ἐπάταξεν
801 5706 924 5780 ἔθνη
976 5706 1163 5764 πολλὰ
1223 5708 1313 5762 καὶ
1366 5706 1640 5761 ἀπέκτεινε
1707 5707 1857 5782 βασι-

183 5794 327 5860 λεῖς
383 5795 693 5875 κραταιοὺς,
738 5797 830 5855 τὸν
893 5799 1050 5873 Σηὼν
1099 5795 1325 5875 βασιλέα
1368 5796 1460 5851 τὸν
1494 5794 1856 5875 Ἀμορραίων,

1883 4713 1931 4779 D
1959 4723 2048 4778 καὶ
2076 4720 2507 4797 παντοδύναμον.

2032 4838 2061 4867 ‹‹
2092 4812 2180 4886 Τῷ
2242 4815 2530 4885 ποιήσαντι
2601 4816 2731 4879 τοὺς
2810 4816 3069 4896 οὐρανοὺς
3127 4820 3179 4876 ἐν
3237 4822 3465 4878 συνέσει·
3517 4822 3606 4879 ὅτι

1962 4902 2036 4966 εἰς
2091 4904 2182 4958 τὸν
2248 4902 2421 4958 αἰῶνα
2472 4905 2535 4959 τὸ
2576 4900 2730 4969 ἕλεος
2788 4907 2973 4966 αὐτοῦ.
3020 4934 3048 4962 ››
3111 4944 3173 4955 --
3233 4912 3453 4967 Σύνεσιν
3500 4914 3601 4983 τήν

1963 4991 2150 5068 σοφίαν
2184 4992 2335 5069 φησί.

2035 5105 2065 5134 ι(
2095 5084 2182 5153 Τῷ
2236 5082 2586 5157 στερεώσαντι
2638 5085 2738 5152 τὴν
2797 5093 2901 5160 γῆν
2957 5087 3044 5142 ἐπὶ
3101 5093 3209 5144 τῶν
3256 5087 3483 5147 ὑδάτων’
3520 5091 3605 5148 ὅτι

1964 5169 2040 5232 εἰς
2093 5171 2184 5224 τὸν
2244 5170 2412 5224 αἰῶνα
2465 5172 2528 5226 τὸ
2586 5168 2737 5235 ἔλεος
2777 5174 2961 5234 αὐτοῦ.
2994 5199 3021 5230 ι»
3059 5211 3127 5220 —-
3155 5175 3383 5254 Εἴρηται
3415 5181 3467 5236 ἐν
3524 5186 3606 5255 τῷ

1962 5261 2047 5334 κγ’
2075 5257 2281 5333 ψαλμῷ
2307 5259 2430 5336 περὶ
2460 5260 2677 5319 τούτου.

2038 5373 2067 5402 ‹‹
2098 5350 2196 5403 Τὸν
2251 5348 2411 5417 ἥλιον
2462 5349 2539 5412 εἰς
2597 5349 2838 5420 ἐξουσίαν
2881 5361 2983 5425 τῆς
3031 5356 3262 5433 ἡμέρας·
3296 5358 3378 5415 ὅτι
3421 5360 3499 5424 εἰς
3541 5362 3605 5417 τὸ

1968 5438 2136 5493 αἰῶνα
2186 5438 2249 5493 τὸ
2289 5434 2439 5501 ἔλεος
2498 5438 2682 5497 αὐτοῦ.
2718 5464 2739 5491 ι»
2771 5475 2839 5484 -
2877 5443 2972 5506 Εἰς
3027 5445 3089 5500 τὸ
3146 5446 3450 5527 ἐπικρατεῖν
3503 5457 3605 5521 τῆς

1968 5528 2195 5603 ἡμέρας·
2228 5527 2318 5582 καὶ
2377 5529 2406 5583 6
2464 5528 2688 5603 οὐρανὸς
2746 5528 2803 5586 δὲ
2856 5534 2945 5588 καὶ
3006 5536 3058 5590 οἰ
3115 5546 3398 5616 φωστῆρες
3448 5538 3603 5609 καὶὴ

1967 5619 2145 5693 ἡμέρα
2192 5618 2281 5672 καὶ
2342 5620 2378 5686 ἡ
2436 5616 2523 5689 νὺξ
2570 5619 2660 5673 καὶ
2715 5621 2781 5674 τὰ
2842 5622 3077 5680 καθόλου
3139 5628 3228 5682 καὶ
3300 5629 3367 5682 τὰ
3441 5630 3606 5702 μέρος

1970 5707 2239 5781 θαυμάσια
2303 5706 2475 5762 πάντα
2531 5704 2599 5761 δι’
2664 5708 2971 5786 ἀγαθότητα
3035 5716 3122 5770 καὶ
3202 5714 3351 5779 ἔλεος
3422 5715 3607 5792 γέγονε

1968 5801 2064 5852 τοῦ
2117 5800 2270 5873 Θεοῦ,
2324 5796 2413 5851 καὶ
2483 5796 2658 5854 αὐτῶν
2743 5795 3045 5860 δοκούντων
3119 5806 3347 5886 πάσχειν
3426 5809 3607 5886 κακῶς
