3998 6458
278 4609 286 4613 .
388 4551 715 4626 πτευόμεναι
772 4555 871 4607 τοῦ
948 4551 1025 4625 μή

447 468 604 532 1603

459 685 813 767 ἐκτρίϐεσθαι.

1692 467 2114 535 NICEPHOBI
2157 470 2594 533 BLEMMIDE

451 601 909 678 εὐεργετουμένων
960 597 1050 658 διὰ
1087 606 1184 658 τοῦ
1227 603 1327 673 τήν
1374 603 1561 660 κακίαν
1617 603 1938 675 κολάζεσθαι
1998 602 2088 658 καὶ
2116 603 2174 671 Α

3667 473 3794 540 ιωι

2272 625 2301 653 «
2333 602 2457 660 Ἐπὶ
2511 607 2632 666 ταῖς
2687 602 2853 667 ἰτέαι(
2910 603 2962 660 ἐν
3023 605 3173 678 μέσῳ
3226 604 3394 676 αὐτῆς
3459 607 3791 684 ἐκρεμάσαμεν

2195 691 2264 746 τὰ
2318 686 2518 768 ὄργανα
2573 695 2758 766 ἡμῶν.
2791 697 3031 752 ››-Ἐν
3066 694 3216 768 μέσῳ
3266 699 3365 765 τῆς
3420 697 3609 772 χώρας
3658 694 3796 753 Βαϐυ-

527 804 557 832 ‹‹
587 785 674 853 Τῷ
730 780 1019 854 πατάξαντι
1076 780 1345 857 Αἴγυπτον
1398 781 1490 837 σὺν
1546 789 1662 845 τοῖς
1714 780 2086 856 πρωτοτόκοις
2195 775 2394 842 λῶνος.
2445 782 2710 856 Ὅργανον
2770 779 2829 836 δὲ
2887 781 3033 858 λέγει
3092 782 3421 858 ψαλτήριον,
3475 785 3688 861 κιθάραν
3724 787 3795 841 καὶ

446 867 645 924 αὐτῶν·
676 868 760 924 ὅτι
810 868 886 932 εἰς
930 870 1023 925 τὸν
1073 870 1244 926 αἰῶνα
1276 871 1342 926 τὸ
1387 870 1542 934 ἔλεος
1579 871 1764 928 αὐτοῦ.
1795 895 1825 923 ››
1855 904 1923 914 --
1951 876 2084 925 Του-

443 957 588 1013 τέστι
617 956 698 1030 τῷ
726 955 899 1030 ἐκπλή
908 959 1070 1029 ξαντι.

519 1070 543 1100 ι
577 1047 675 1101 Καὶ
728 1046 1036 1124 έξαγαγόντι
1093 1049 1184 1103 τὸν
1242 1048 1465 1127 Ἰσραὴλ
1522 1048 1582 1104 ἐκ
1664 1049 1829 1123 μέσου
1878 1047 2075 1103 αὐτῶν·

438 1135 521 1193 ὅτι
570 1135 645 1199 εἶ⁷ς
683 1136 776 1191 τὸν
816 1135 985 1191 αἰῶνα
1028 1137 1092 1193 τὸ
1138 1136 1291 1201 ἔλεος
1340 1138 1526 1195 αὐτοῦ.
1572 1162 1603 1191 ››

2190 867 2259 923 τὰ
2317 867 2505 925 λοιπά·
2536 871 2626 925 καὶ
2680 869 2781 947 γὰρ
2838 871 2977 948 πρὸς
3032 870 3264 946 ὕμνησιν
3304 868 3610 938 θεοσεϐείας
3638 873 3799 954 ἐπεσέ-

2190 975 2349 1030 ροντο
2375 962 2563 1016 ταῦτα.

2265 1068 2294 1101 ι
2321 1048 2441 1101 Ὅτι
2470 1045 2583 1102 ἐκεῖ
2619 1047 2975 1124 ἐπηρώτησαν
3024 1050 3173 1123 ἠμῖς
3232 1051 3287 1105 οἱ
3338 1049 3795 1126 αἰχμαλωτεύσαν-

1650 1171 1722 1182 -.
1767 1140 1860 1193 Ἐκ
1911 1138 2077 1211 μέσου
2183 1153 2272 1196 τες
2300 1136 2451 1207 ἡμᾶς
2500 1135 2698 1212 λόγους
2745 1134 2922 1209 ᾠδῶν.
2956 1160 2986 1189 »
3013 1170 3086 1181 -—
3113 1138 3281 1194 Εἶπον
3329 1142 3466 1213 ἡμῖν
3515 1143 3570 1196 οἱ
3616 1140 3797 1218 αίχμα-

435 1224 610 1279 αὐτῶν
651 1229 760 1280 τῶν
827 1225 1158 1301 Αἰγυπτίων.
1212 1233 1379 1304 Χεῖρα
1421 1225 1481 1282 δὲ
1522 1227 1613 1283 καὶ
1666 1225 1935 1304 βραχίονα
1976 1226 2077 1295 τὴν
2185 1220 2542 1286 λωτεύσαντες
2588 1225 2694 1280 ἀπὸ
2741 1224 2961 1302 Ἰσραήλ
3016 1226 3108 1281 καὶ
3171 1226 3536 1304 ἆπαγαγοντες
3583 1228 3661 1292 εἰς
3706 1233 3796 1288 Ba-

436 1311 662 1387 δύναμιν
696 1313 971 1389 ὀνομάζει.

2180 1305 2420 1383 ϐυλῶνά,
2466 1312 2668 1389 λόγους
2716 1311 2854 1370 ὁδῶν
2902 1313 3143 1386 λαλῆσαι
3189 1313 3471 1391 δηλονότι,
3509 1317 3601 1373 καὶ
3646 1317 3796 1392 ὕμνον

509 1426 541 1456 ‹‹
571 1405 665 1476 Τῷ
728 1401 1102 1459 καταδιελόντι
1175 1405 1276 1475 τὴν
1334 1406 1590 1482 Ἐρυθρὰν
1657 1403 1924 1470 θάλασσαν
1990 1403 2070 1468 εἰς
2177 1399 2414 1474 ὑμνῆσαι
2445 1398 2684 1475 δηλαδή.

429 1488 738 1569 διαιρέσειςο
787 1490 872 1548 ὅτι
919 1492 997 1555 εἰς
1050 1493 1140 1548 τὸν
1188 1493 1357 1548 αἰῶνα
1403 1495 1464 1549 τὸ
1507 1490 1660 1557 ἔλεος
1713 1493 1898 1549 αὐτοῦ.
1941 1516 1969 1545 ››
1999 1526 2068 1538 -

2246 1513 2276 1542 ‹‹
2306 1489 2407 1545 Καὶ
2461 1492 2515 1546 οἱ
2570 1490 2933 1569 ἀπαγαγόντες
2987 1494 3153 1567 ἡμᾶς,
3199 1496 3399 1568 Ὕμνον
3458 1492 3621 1566 ᾅσατε
3670 1498 3792 1570 ἡμῖν

422 1582 720 1656 Διαιρέσεις
771 1579 916 1659 λέγει
990 1580 1059 1636 τὰ
1111 1583 1380 1655 κτήματαο
1450 1582 1527 1646 εἰς
1594 1578 1690 1637 δύο
1753 1581 1855 1659 γὰρ
1922 1581 2061 1657 μέρη
2173 1577 2370 1634 ἐκτῶν
2399 1576 2557 1652 ᾠδῶν
2586 1582 2751 1639 Σιών.
2783 1604 2813 1634 ››
2847 1609 2912 1629 =
2939 1581 3127 1637 Λείπει
3154 1582 3219 1637 τὸ
3243 1580 3514 1659 λέγοντες.

416 1665 622 1725 διεῖλον
650 1666 839 1740 αὐτήν.

2241 1690 2273 1721 ι(
2304 1672 2431 1730 Πῶς
2484 1666 2701 1743 ᾅσωμεν
2750 1671 2850 1739 τὴν
2901 1667 3049 1744 ᾠδὴν
3108 1672 3309 1747 Κυρίου
3360 1671 3449 1728 ἐπὶ
3502 1679 3611 1749 γῆς
3644 1672 3795 1730 ἄλλο·

493 1779 517 1809 ι
551 1758 650 1814 Καὶ
707 1757 1036 1831 ἐκτινάξαντι
1085 1761 1288 1837 Φαραὼ
1335 1760 1425 1815 καὶ
1464 1761 1567 1829 την
1614 1756 1837 1833 δύναμιν
1894 1757 2060 1814 αὐτοῦ
2166 1755 2319 1830 τρίας
2346 1775 2362 1827 ;
2391 1779 2419 1812 ι
2454 1790 2524 1801 -
2556 1760 3061 1833 Προσυπακουστέον
3090 1760 3155 1816 τὸ
3185 1758 3431 1834 εἴπομεν.

421 1845 498 1910 εἰς
530 1846 796 1903 θάλασσαν
846 1849 1125 1925 Ἐρυθράν·
1176 1847 1259 1903 δτι
1308 1848 1385 1911 εἰς
1439 1848 1530 1903 τὸν
1580 1848 1749 1903 αἰῶνα
1796 1848 1860 1903 τὸ
1907 1845 2059 1910 ἔλεος

660 1959 689 1988 »
735 1969 804 1980 —
851 1936 1137 2011 Ἐκτίναξίν
1196 1958 1330 2017 φησι
1397 1939 1495 2008 τὴν
1547 1936 1698 2014 ῥῆξιν
1756 1936 1846 1992 καὶ
1892 1958 2054 1992 κατα-

416 1935 604 1994 αὐτοῦ.

412 2023 682 2082 πόντισιν.

490 2139 520 2170 ιι
549 2119 638 2188 Τῷ
703 2112 1018 2192 διαγαγόντι
1079 2117 1171 2173 τὸν
1234 2115 1364 2172 λαὸν
1414 2114 1579 2171 αὐτοῦ
1617 2114 1669 2171 ἐν
1717 2118 1787 2187 τῇ
1837 2114 2052 2189 ἐρήμιιν

414 2200 448 2258 ὅ
582 2203 596 2222 ’
717 2203 731 2221 ‘
859 2202 912 2257 Γ
1067 2204 1096 2258 ὸ
1144 2202 1203 2260 ’λ
1385 2203 1398 2223 ’
1472 2208 1502 2219 ’⁵
1881 2203 1896 2221 ‘

447 2223 498 2259 τι
553 2224 630 2266 εις
676 2223 769 2259 τον
821 2223 989 2258 αωνα
1032 2224 1063 2258 τ
1142 2225 1167 2259 ε
1209 2225 1295 2267 εος
1341 2224 1526 2260 αυτου.
1561 2226 1591 2256 ››
1620 2236 1690 2247 -
1716 2202 1905 2258 Καὶτο
1936 2201 2052 2258 δια-

2086 1984 2134 2049 Β

2240 1868 2269 1897 ‹‹
2301 1845 2423 1903 Ἐὰν
2477 1845 2823 1922 ἐπιλάθωμαί
2873 1869 2993 1919 σου,
3042 1849 3422 1926 Ἰερουσαλὴμ,
3480 1849 3791 1926 ἐπιλησθείη

2162 1934 2199 2002 ἡ
2254 1929 2399 2005 δεξιά
2452 1956 2577 2008 μου.
2629 1959 2660 1988 ››
2708 1968 2777 1980 -
2825 1936 3223 2011 Ἐπιλαθοίμην
3282 1942 3379 1993 τοῦ
3423 1934 3574 2015 ἔχειν
3629 1938 3791 2012 δεξιὰν

2167 2026 2330 2099 χεῖρα
2380 2023 2659 2099 γεγονυίας
2715 2024 2881 2095 αὐτῆς
2927 2026 3249 2097 ἀναισθήτου
3315 2048 3373 2082 τε
3440 2029 3533 2083 καὶ
3599 2029 3792 2107 ἀνενερ-

2159 2112 2603 2274 γῆίιέοέολληθείη
2635 2205 2672 2273 ἡ
2720 2200 2947 2278 γλῶσσά
2997 2224 3103 2277 μου
3145 2208 3226 2277 τῷ
3262 2203 3500 2281 λάρυγγί
3550 2227 3677 2279 μου,
3706 2206 3787 2263 ἐὰν

412 2286 577 2362 ϐῆναι
619 2292 720 2361 τήν
765 2286 971 2368 ἔρημον
1021 2286 1280 2355 ἀϐλαϐῶς
1346 2292 1592 2370 μέγιστον
1660 2293 1859 2366 θαῦμα,
1911 2292 2049 2364 μήτε
2160 2291 2237 2363 μή
2295 2310 2392 2345 σου
2455 2293 2701 2364 μνησθῶ.
2758 2316 2789 2345 »
2843 2324 2915 2335 -
2960 2294 3159 2370 Ἥγουν
3240 2290 3449 2357 ἂλαλος
3512 2296 3786 2371 γενοίμην.

409 2378 582 2455 λιμοῦ
632 2382 772 2454 μήτε
819 2377 1005 2456 δίψης,
1040 2381 1116 2454 μὴ
1159 2381 1399 2443 καύσεως
1448 2381 1524 2455 μὴ
1565 2380 1799 2456 ψύχους,
1837 2380 1911 2454 μὴ
1945 2390 2043 2449 θη-

406 2468 560 2547 ρίων,
610 2471 686 2545 μή
753 2490 905 2532 τινος
983 2467 1158 2525 ἄλλου
1229 2466 1543 2541 δυνηθέντος
1598 2467 1792 2531 αὐτοὺς
1857 2466 2041 2541 λυμῄ-

399 2560 609 2616 νασθαι.

2152 2380 2327 2433 Ταῦτα
2355 2375 2415 2433 δὲ
2438 2379 2529 2434 καὶ
2558 2382 2724 2453 ἡμεῖς
2753 2380 2878 2458 περὶ
2925 2388 3029 2451 τῆς
3080 2377 3193 2437 ἄνω
3229 2380 3602 2459 Ἰερουσαλὴμ
3654 2390 3789 2442 νοεῖν

2152 2464 2468 2541 ὀφείλομεν.

2222 2579 2253 2608 ι(
2285 2556 2404 2611 Ἐὰν
2471 2558 2550 2631 μὴ
2628 2559 3080 2634 προανατάεωμαι
3160 2561 3262 2629 τὴν
3314 2559 3682 2637 Ἰερουσαλὴμ
3719 2564 3790 2626 ὡς

473 2650 655 2703 «Ὅτι
702 2646 754 2703 ἐν
809 2651 880 2722 τῇ
929 2647 1250 2703 ταπεινώσει
1295 2650 1456 2721 ἡμῶν
1504 2648 1750 2722 ἐμνήσθη
1797 2648 1957 2720 ἡμῶν
2012 2645 2041 2700 6
2148 2643 2199 2699 ἐν
2259 2645 2407 2722 ἀρχῇ
2462 2649 2563 2716 τῆς
2617 2645 2952 2725 εὐφροσύνης
3012 2669 3138 2722 μου.
3171 2672 3302 2701 »—-
3355 2651 3600 2724 Πάθοιμι
3657 2652 3788 2730 ἅπερ

402 2733 618 2812 Κύριος·
674 2734 759 2791 ὅτι
815 2735 891 2799 εἷς
940 2736 1033 2791 τὸν
1078 2735 1247 2792 αἰῶνα
1284 2737 1348 2792 τὸ
1396 2732 1547 2798 ἔλεος
1592 2735 1779 2791 αὐτοῦ.
1834 2767 1903 2778 -
1937 2740 2039 2789 Τα-

398 2823 764 2899 πεινουμένων
829 2827 990 2899 ἡμῶν
1037 2822 1161 2895 ἤτοι
1207 2823 1679 2889 κακοπαθούντων’
1726 2820 1855 2877 ἰδὼν
1914 2821 2037 2899 γὰρ,

393 2915 580 2993 φησὶν,
614 2912 755 2970 εἶδον
784 2915 883 2984 τὴν
925 2915 1161 2969 κάκωσιν
1206 2918 1305 2970 τοῦ
1353 2913 1489 2970 λαοῦ
1541 2934 1645 2987 μου
1690 2916 1789 2967 τοῦ
1837 2911 1888 2967 ἐν
1935 2910 2036 2967 Αἰ-

388 3002 604 3079 γύπτῳ.
635 3002 939 3058 Οἰκειοῦται
981 3000 1039 3058 δὲ
1083 3002 1152 3058 τὰ
1196 3006 1304 3057 τῶν
1353 3001 1635 3079 προγόνων
1678 2997 1862 3063 διδοὺς
1906 3019 2038 3075 τρο-

394 3090 501 3172 φῆν
531 3089 883 3162 κατάλληλον
915 3093 1107 3167 ἑκάστῃ
1135 3091 1309 3171 φύσει.

472 3203 503 3236 ιι
533 3180 979 3258 Ἐξομολογεῖσθε
1033 3185 1112 3253 τῷ
1166 3185 1281 3253 Θεῷ
1332 3184 1430 3236 τοῦ
1501 3179 1750 3256 οὐρανοῦ·
1807 3177 1891 3234 ὅτι
1960 3177 2038 3241 εἰς

2147 2732 2298 2788 εἶπον
2351 2732 2440 2789 ἐὰν
2490 2735 2567 2809 μή
2621 2736 2728 2812 πρὸ
2778 2740 2886 2791 τῶν
2943 2734 3129 2793 ἄλλων
3162 2737 3410 2793 ἁπάντων
3460 2740 3786 2814 ἆνανάξομαι

2147 2818 2201 2876 ἐν
2252 2825 2322 2896 τῇ
2393 2825 2584 2898 μνήμῃ
2646 2844 2750 2898 μου
2802 2825 2904 2894 τήν
2960 2825 3346 2902 Ἰερουσαλὴμ,
3394 2827 3477 2891 ὡς
3529 2827 3584 2884 ἐν
3644 2828 3786 2905 ἀρχῇ

2144 2911 2243 2979 τῆς
2276 2910 2609 2987 εὐφροσύνης
2637 2933 2742 2985 μου
2789 2911 2947 2967 οὖσαν
3004 2916 3103 2983 τῆς
3162 2912 3519 2990 οἱασδήποτε,
3546 2918 3789 2973 τουτέστι

2146 2997 2439 3075 κεφάλαιον
2471 3005 2645 3076 χαρᾶς
2677 3021 2782 3074 μου
2810 3000 2901 3056 καὶ
2931 3002 3154 3077 πρώτην
3181 3001 3409 3074 ἡδονήν.

2218 3111 2248 3140 ιι
2280 3090 2581 3164 Μνήσθητι,
2629 3089 2812 3165 Κύριε,
2848 3093 2954 3145 τῶν
3012 3093 3142 3146 υἱῶν
3196 3090 3387 3166 Ἐδὼμ
3430 3094 3535 3164 τὴν
3585 3094 3786 3171 ἡμέραν

2143 3176 2523 3261 Ἰερουσαλήμ.
2554 3202 2584 3231 ››
2634 3211 2703 3221 -
2759 3180 3042 3251 Μνήσθητι
3094 3184 3201 3235 τῶν
3258 3181 3550 3260 ἡμετέρων
3609 3204 3787 3261 συγγε·

394 3271 485 3327 τὸν
517 3269 691 3325 αἰῶνα
716 3270 778 3326 τὸ
807 3267 959 3333 ἔλεος
985 3268 1168 3328 αὐτοῦ.
1200 3292 1231 3323 ››
1261 3302 1331 3311 -
1358 3268 1423 3325 Εἰ
1452 3268 1542 3324 καὶ
1569 3273 1667 3324 τοῦ
1697 3267 1927 3345 οὐρανοῦ
1945 3266 2037 3322 καὶ
2144 3269 2247 3320 νῶν
2319 3260 2585 3341 Ἀραϐίων
2654 3267 2789 3322 κατὰ
2863 3268 2961 3337 τήν
3035 3267 3243 3344 ἡμέραν
3324 3277 3427 3340 τῆς
3504 3277 3789 3351 συμφορᾶς

393 3364 503 3416 τῶν
561 3359 616 3415 ἐν
675 3357 883 3436 οὐρανῷ
940 3358 1176 3430 ποιητής
1226 3358 1317 3413 καὶ
1357 3354 1623 3428 δεσπότης
1654 3354 1909 3429 δηλονότι
1945 3354 2040 3415 καὶ
2067 3351 2112 3420 C
2148 3353 2523 3430 Ἰερουσαλὴμ,
2581 3359 2699 3418 πῶς
2766 3352 3017 3411 διέκειντι
3090 3353 3375 3429 δηλονότι,
3430 3358 3525 3414 καὶ
3584 3358 3786 3423 ἀπόδος

392 3452 503 3505 τῶν
562 3447 1041 3525 ἐμπεριεχομένων
1097 3452 1177 3520 τῷ
1222 3446 1453 3524 οὐρανῷ,
1504 3445 1717 3522 λέγεται
1767 3443 1824 3501 δὲ
1883 3443 2036 3508 ἰδίως
2138 3442 2346 3507 αὐτοῖς.
2594 3440 2599 3444 ’

391 3543 491 3595 τοῦ
539 3537 794 3615 οὐρανοῦ,
847 3537 936 3592 καὶ
980 3541 1088 3592 τῶν
1143 3535 1407 3611 οὐρανίων
1455 3536 1604 3606 Θεὸς,
1652 3540 1768 3591 κατ’
1813 3533 2033 3590 οἰκείω-

392 3644 499 3700 σιν,
551 3629 628 3691 ὡς
672 3631 779 3683 τῶν
830 3623 940 3682 ἅνω
985 3622 1260 3700 δυνάμεων
1300 3629 1369 3699 τῇ
1418 3623 1763 3701 ἐκπληρώσει
1811 3643 2031 3700 προκει-

397 3718 574 3793 μένων
603 3720 703 3773 τοῐὶ
732 3715 880 3781 θείου
917 3713 1249 3789 θελήματος.

960 3843 1255 3895 ΨΔΛΜΟΣ
1294 3837 1451 3896 ΡΑΖ’.

463 3953 494 3984 ιι
525 3928 762 4003 Ψαλμὸς
836 3932 917 4001 τῷ
999 3924 1162 3982 Δαυῒδ
1222 3925 1505 4003 Ἰερεμίου.
1565 3949 1597 3979 ››
1653 3958 1723 3968 --
1777 3927 2031 3982 Τουτέστι

389 4014 481 4074 διὰ
533 4016 820 4094 Ἱερεμίου.
870 4016 1159 4072 ’Δθετεῖται
1219 4011 1277 4069 δὲ
1328 4015 1475 4089 παρὰ
1547 4019 1664 4076 τοῖς
1738 4014 2028 4091 ἐξηγηταῖς

385 4108 423 4178 ἠ
456 4105 726 4185 ἐπιγραφή
781 4108 879 4161 τοῦ
932 4103 1198 4180 παρόντος
1235 4103 1478 4179 ψαλμου’
1538 4102 1717 4177 ὥσπερ
1774 4102 1865 4158 καὶ
1917 4108 2025 4159 τῶν

389 4194 487 4252 δύο
529 4200 638 4251 τῶν
689 4200 805 4269 μετ’
845 4193 1028 4267 αὐτὸν,
1061 4192 1114 4248 ἐν
1164 4193 1248 4255 οἷς
1289 4192 1354 4248 τὸ
1403 4196 1501 4248 τοῦ
1549 4192 1823 4269 Ζαχαρίου
1853 4191 2030 4267 ὄνομα

389 4283 798 4362 ἐπιγέγραπται.
844 4284 1187 4339 Ἀθετοῦνται
1244 4279 1303 4337 δὲ
1365 4282 1421 4337 αἱ
1484 4286 1730 4337 τοιαῦται
1805 4281 2029 4357 ἐπιγρα-

388 4373 507 4453 φαὶ,
547 4374 624 4437 ὡς
671 4374 810 4447 μήτε
852 4376 932 4445 τῷ
979 4366 1267 4449 Ἐϐραϊκῷ,
1322 4372 1462 4445 μήτε
1503 4375 1623 4434 τοῖς
1670 4368 1857 4427 ἄλλων
1905 4370 2028 4442 ἐξη-

387 4467 569 4540 γητῶν
627 4457 868 4540 βιϐλίοις
924 4459 1248 4538 ἐγκείμεναι,
1307 4458 1397 4515 καὶ
1453 4459 1530 4522 ὡς
1577 4458 1814 4525 ἐντεῦθεν
1894 4460 2026 4516 ὑπο-

1110 4548 1243 4604 εἶναι
1311 4549 1513 4612 πάντας
1581 4548 1711 4612 τοὺς
1772 4548 2028 4624 ψαλμοὺς

388 4644 675 4716 ποιήματα
726 4644 826 4696 τοῦ
882 4636 1067 4696 Δαυΐδ.
1125 4640 1353 4710 Μήποτε
1422 4635 1515 4693 οὖν
1589 4636 1707 4693 ἐπεῖ
1776 4637 1940 4712 μόνος
1998 4639 2028 4694 6

392 4727 558 4786 Δαυῒδ
623 4729 687 4785 τὸ
746 4726 1028 4805 βασιλικὸν
1092 4725 1341 4802 κατέχων
1402 4723 1708 4803 ψαλτήριον
1772 4724 2029 4801 ἔψαλλεν,
2059 4718 2110 4788 D

393 4820 449 4876 οἱ
478 4817 537 4875 δὲ
564 4817 753 4876 λοιποὶ
784 4813 1033 4894 ἀρχῳδοὶ
1062 4815 1267 4892 ἑτέροις
1296 4813 1549 4891 ὀργάνοις
1594 4814 1838 4891 ἐχρῶντο
1895 4816 2029 4893 πρὸς

390 4905 765 4984 ψαλτῴδησιν,
815 4904 1016 4983 ἤρξατο
1078 4905 1171 4979 μὲν
1229 4905 1258 4959 6
1306 4903 1470 4959 Δαυῗδ
1523 4902 1650 4966 τοὺς
1705 4903 2028 4979 εἰρημένους

389 4995 618 5072 ψάλλειν
667 4995 942 5071 ψαλμοὺς,
995 4992 1084 5050 διά
1139 5014 1260 5049 τινα
1307 4990 1365 5048 δὲ
1418 4993 1728 5070 περίστασιν
1796 4992 2026 5068 ἐμποδι-

388 5087 556 5157 σθείς,
623 5084 860 5163 Ἱερεμίᾳ
932 5083 1039 5139 τινὶ
1113 5083 1204 5138 καὶ
1276 5081 1518 5159 Ζαχαρία
1587 5081 1650 5137 τὸ
1719 5080 2023 5160 ψαλτήριον

388 5174 703 5252 ἐνεχείρισε,
785 5176 876 5230 καὶ
956 5172 1047 5229 διὰ
1119 5177 1229 5228 τῶν
1314 5171 1575 5228 τοιούτων
1656 5169 1865 5250 ἀνδρῶν
1949 5172 2024 5237 ὡς

389 5262 459 5319 δι’
523 5265 734 5339 ἑαυτοῦ,
796 5264 924 5327 τοὺς
1005 5260 1348 5335 δηλωθέντας
1433 5258 1687 5336 ψαλμοὺς
1774 5260 2023 5336 ἐψαλτῴ-

387 5350 567 5426 δησεν.

457 5466 488 5494 «
517 5439 640 5496 Ἐπὶ
694 5444 803 5495 τῶν
857 5443 1118 5514 ποταμῶν
1171 5433 1489 5515 βαϐυλῶνος
1542 5435 1653 5493 ἐκεῖ
1707 5436 2020 5512 έκαθίσαμεν

381 5529 474 5586 καὶ
526 5527 861 5602 ἐκλαύσαμεν
916 5527 969 5583 ἐν
1025 5532 1105 5600 τῷ
1155 5529 1453 5601 μνησθῆναι
1483 5528 1630 5600 ἡμᾶς
1659 5528 1759 5595 τῆς
1791 5527 1956 5584 Σιών.
1992 5550 2022 5579 ››

382 5652 453 5661 —
493 5617 781 5695 Προσώπῳ
835 5621 944 5671 τῶν
1029 5611 1568 5692 αἰχραϐωτισθέντων
1627 5613 1678 5669 ἐν
1738 5610 2018 5672 Βαϐυλῶνι

383 5705 686 5784 ψαλτῳδῶν
720 5707 748 5760 ὁ
788 5709 974 5782 παρῶν
1029 5703 1276 5775 συνετέθη
1318 5702 1560 5779 ψαλμός.
1613 5705 1675 5760 Οἱ
1727 5703 2021 5781 αἰχμάλω-

378 5816 468 5861 τοι
500 5792 648 5864 ὄντες
671 5791 772 5873 ἔξω
809 5799 917 5859 τῶν
943 5791 1158 5853 πόλεων
1190 5791 1505 5871 ηὐλίζοντο.

2211 3556 2241 3584 ‹‹
2269 3537 2386 3589 Τῶν
2442 3532 2739 3609 λεγόντων,
2786 3534 3117 3610 Ἐκκενοῦτε,
3158 3535 3438 3592 έκκενοῦτε
3508 3536 3625 3602 ἓως
3678 3543 3783 3594 τῶν

2139 3621 2409 3696 θεμελίων
2465 3621 2654 3693 άύτῆς.
2687 3646 2717 3677 ››
2753 3654 2822 3665 -
2851 3623 2914 3678 Οἰ
2967 3625 3070 3700 γὰρ
3124 3620 3373 3699 ’Δράϐιοι
3431 3622 3525 3682 διὰ
3584 3628 3782 3706 φθόνον

2138 3711 2519 3789 συνεμάχησαν
2573 3717 2693 3776 τοῖς
2737 3709 3134 3784 Βαϐυλωνίοις,
3181 3714 3271 3769 καὶ
3328 3718 3784 3791 κατασκαπτομέ-

2134 3822 2236 3871 νης
2280 3807 2381 3871 τῆς
2426 3800 2787 3877 Ἰερουσαλὴμ
2829 3799 3058 3878 ἤπειγον
3120 3801 3312 3866 αὐτοὺς
3376 3803 3788 3881 ἀναμοχλεύειν

2135 3891 2226 3946 καὶ
2251 3891 2321 3946 τὰ
2347 3887 2596 3963 θεμέλια.

2211 4002 2241 4032 ιι
2270 3978 2521 4056 Θυγάτηρ
2580 3974 2904 4043 Βαϐυλῶνος
2946 3982 2984 4050 ἡ
3039 3978 3416 4056 ταλαίπωρος.
3456 4007 3479 4035 ι
3512 4016 3589 4026 -
3646 3990 3790 4059 ῐΙρο⁴

2136 4073 2352 4146 φητεῖαι
2406 4072 2575 4124 ταῦτα
2628 4068 2753 4145 περὶ
2801 4072 2909 4124 τῶν
2962 4064 3400 4144 τυμϐησομένων
3474 4076 3546 4146 τῇ
3607 4067 3787 4130 Βαϐυ-

2136 4155 2293 4213 λῶνι·
2325 4155 2442 4213 ὅθεν
2472 4156 2563 4213 καὶ
2593 4156 2781 4213 ἀθλίαν
2810 4156 3011 4229 ταύτην
3041 4157 3345 4233 ὠνόμασεν.

2701 4286 2997 4338 ΨΑΑΜΟΣ
3037 4271 3199 4341 PAZ'.

2214 4371 2783 4447 «Ἐξομολογήσομαί
2853 4392 2960 4442 σοι,
3036 4371 3219 4448 Κύριε,
3276 4370 3334 4427 ἐν
3407 4371 3517 4448 ὅλῃ

2139 4481 2266 4534 μου,
2296 4460 2386 4515 καὶ
2437 4459 2669 4515 ἐναντίον
2723 4458 2968 4536 ἀγγέλων
3016 4458 3179 4535 ψαλῶ
3226 4481 3335 4518 σοι.
3364 4485 3395 4513 »
3428 4489 3496 4510 =
3533 4461 3790 4517 Τουτέστι

2140 4549 2274 4623 μετὰ
2328 4547 2574 4625 ἀγγέλων
2621 4548 2850 4623 ὑμνήσω
2906 4569 2983 4607 σε.
3014 4550 3239 4626 Λέγεται
3296 4546 3358 4604 δὲ
3410 4551 3508 4606 καὶ
3551 4552 3584 4606 6
3616 4549 3787 4628 ἱερεὺς

2137 4636 2372 4714 ἄγγελος
2401 4638 2600 4713 Κυρίου
2629 4637 2719 4693 καὶ
2744 4636 2896 4701 Θεός.

2214 4750 2238 4779 ιι
2273 4724 2784 4803 Ἐξομολογήσομαι
2837 4724 2919 4800 τῷ
2975 4726 3206 4801 ὀνόματί
3262 4747 3360 4783 σου
3415 4726 3511 4783 ἐπὶ
3532 4732 3621 4802 τῷ
3650 4726 3785 4783 ἐλέει

2137 4837 2233 4872 σου
2261 4814 2351 4871 καί
2376 4819 2446 4890 τῇ
2477 4814 2707 4887 ἀληθείᾳ
2743 4836 2860 4873 σου.
2894 4838 2924 4869 n
2955 4849 3026 4859 —
3053 4819 3173 4871 Ὅτι
3220 4813 3449 4887 ἀληθῶς
3505 4837 3576 4892 με
3622 4815 3790 4887 ἠλέη-

2136 4926 2252 4978 σας,
2282 4904 2319 4975 ἢ
2350 4903 2434 4959 ὅτι
2463 4902 2783 4976 ἀληθεύσεις
2806 4904 2888 4983 ἐφ’
2917 4905 3001 4967 οἷς
3030 4902 3346 4982 ἐπηγγείλω
3379 4925 3498 4980 μοι.

2207 5016 2238 5047 ιι
2265 4996 2384 5049 Ὅτι
2442 4992 2773 5069 ἐμεγάλυνας
2832 4993 2920 5048 ἐπὶ
2963 4999 3066 5049 πᾶν
3132 4994 3196 5049 τὸ
3263 4987 3443 5067 ὄνομα
3501 4994 3570 5049 τὸ
3642 4991 3791 5069 ἅγιόν

2135 5104 2252 5141 σου.
2286 5106 2308 5135 ι
2342 5114 2413 5126 --
2452 5085 2569 5137 Ὅτι
2632 5083 2774 5159 μέγα
2828 5080 3029 5154 ἔδειξας
3084 5077 3260 5157 ὄνομά
3315 5104 3413 5138 σου
3473 5081 3551 5146 εἰς
3605 5087 3711 5137 πᾶν
3757 5081 3787 5134 ὃ

2133 5171 2390 5248 εἰργάσω.

2203 5285 2234 5315 ιι
2265 5258 2655 5337 Πολυωρήσεις
2717 5281 2783 5334 με
2840 5261 2892 5315 ἐν
2944 5258 3099 5336 ψυχῇ
3156 5281 3264 5334 μου
3314 5257 3539 5333 δυνάμει
3604 5281 3719 5315 σου.
3749 5282 3779 5307 ε

2131 5382 2200 5392 -
2277 5346 2502 5419 Πολλῆς
2577 5345 2908 5423 κηδεμονίας
2982 5348 3252 5422 ἀξιώσεις,
3326 5348 3587 5427 φυλάξεις
3652 5345 3778 5402 κατά

2129 5439 2313 5516 ψυχὴν
2346 5435 2435 5492 διὰ
2462 5444 2562 5506 τῆς
2594 5434 2873 5511 δυνάμεώς
2902 5457 3021 5495 σου.

2203 5549 2233 5578 ‹‹
2274 5524 2893 5601 Ἑξομολογησάσθωσάν
2975 5546 3094 5595 σοι,
3176 5525 3375 5602 Κύριε,
3449 5527 3650 5588 πάντες
3722 5521 3771 5577 οὶ

2134 5613 2377 5691 βασιλεῖς
2405 5621 2505 5685 τῆς
2537 5617 2663 5691 γῆς.
2697 5637 2725 5665 ››
2759 5647 2827 5656 —
2857 5615 2918 5668 Οἱ
2951 5609 3187 5676 εὐσεϐεῖς
3221 5612 3465 5686 δηλαδή.

2201 5729 2230 5759 ι(
2262 5707 2380 5760 Ὅτι
2441 5701 2677 5774 ἤκουσαν
2728 5704 2897 5759 πάντα
2951 5703 3017 5756 τὰ
3072 5703 3298 5781 ῥήματα
3353 5707 3453 5759 τοῦ
3510 5699 3765 5777 στόματός

2131 5814 2244 5857 σου.
2278 5815 2310 5848 ››
2340 5824 2411 5840 —-
2454 5793 2528 5850 Τὰ
2573 5789 2663 5850 διὰ
2709 5796 2807 5851 τοῦ
2853 5791 3025 5873 νόμου
3065 5791 3158 5849 καὶ
3202 5796 3533 5873 προφητῶν,
3578 5792 3647 5849 τὰ
3690 5786 3769 5848 διὰ
