  <div class='ocr_page' id='page_1' title='image "/cluster/home/n/w/nwhite01/storage/ocr_20150623/142/mdp.39015078384792/811.png"; bbox 0 0 3998 6412; ppageno 0'>
   <div class='ocr_carea' id='block_1_1' title="bbox 398 344 555 455">
    <p class='ocr_par' dir='ltr' id='par_1_1' title="bbox 398 344 555 455">
     <span class='ocr_line' id='line_1_1' title="bbox 398 344 555 455; baseline -0.019 -1"><span class='ocrx_word' id='word_1_1' title='bbox 398 344 555 455; x_wconf 72' lang='grc' dir='ltr'>ιδοή</span> 
     </span>
    </p>
   </div>
   <div class='ocr_carea' id='block_1_2' title="bbox 396 608 717 671">
    <p class='ocr_par' dir='ltr' id='par_1_2' title="bbox 396 608 717 671">
     <span class='ocr_line' id='line_1_2' title="bbox 396 608 717 671; baseline 0.009 -7"><span class='ocrx_word' id='word_1_2' title='bbox 396 608 717 671; x_wconf 83' lang='grc' dir='ltr'>διαλύσεως.</span> 
     </span>
    </p>
   </div>
   <div class='ocr_carea' id='block_1_3' title="bbox 464 698 2040 780">
    <p class='ocr_par' dir='ltr' id='par_1_3' title="bbox 464 698 2040 780">
     <span class='ocr_line' id='line_1_3' title="bbox 464 698 2040 780; baseline 0.001 -28"><span class='ocrx_word' id='word_1_3' title='bbox 464 724 493 751; x_wconf 91' lang='grc'>‹‹</span> <span class='ocrx_word' id='word_1_4' title='bbox 526 700 596 753; x_wconf 83' lang='grc' dir='ltr'>Τὸ</span> <span class='ocrx_word' id='word_1_5' title='bbox 631 698 1019 776; x_wconf 80' lang='grc' dir='ltr'>ἀκατέργαστόν</span> <span class='ocrx_word' id='word_1_6' title='bbox 1073 722 1178 773; x_wconf 89' lang='grc' dir='ltr'>μου</span> <span class='ocrx_word' id='word_1_7' title='bbox 1225 699 1365 757; x_wconf 77' lang='grc' dir='ltr'>εἶδον</span> <span class='ocrx_word' id='word_1_8' title='bbox 1421 702 1474 755; x_wconf 76' lang='grc' dir='ltr'>οἱ</span> <span class='ocrx_word' id='word_1_9' title='bbox 1534 699 1809 780; x_wconf 85' lang='grc' dir='ltr'>ὀφθαλμοί</span> <span class='ocrx_word' id='word_1_10' title='bbox 1859 723 1953 757; x_wconf 90' lang='grc' dir='ltr'>σου</span> <span class='ocrx_word' id='word_1_11' title='bbox 2009 726 2040 754; x_wconf 85' lang='grc'>››</span> 
     </span>
    </p>
   </div>
   <div class='ocr_carea' id='block_1_4' title="bbox 390 786 2035 863">
    <p class='ocr_par' dir='ltr' id='par_1_4' title="bbox 390 786 2035 863">
     <span class='ocr_line' id='line_1_4' title="bbox 390 786 2035 863; baseline 0.001 -20"><span class='ocrx_word' id='word_1_12' title='bbox 390 821 460 833; x_wconf 91' lang='grc'>--</span> <span class='ocrx_word' id='word_1_13' title='bbox 487 787 588 843; x_wconf 82' lang='grc' dir='ltr'>Καὶ</span> <span class='ocrx_word' id='word_1_14' title='bbox 616 787 670 843; x_wconf 93' lang='grc' dir='ltr'>τί</span> <span class='ocrx_word' id='word_1_15' title='bbox 702 786 848 863; x_wconf 76' lang='grc' dir='ltr'>λέγω</span> <span class='ocrx_word' id='word_1_16' title='bbox 899 788 1169 863; x_wconf 75' lang='grc' dir='ltr'>σύμπηξιν</span> <span class='ocrx_word' id='word_1_17' title='bbox 1218 790 1309 845; x_wconf 87' lang='grc' dir='ltr'>καὶ</span> <span class='ocrx_word' id='word_1_18' title='bbox 1360 787 1605 847; x_wconf 87' lang='grc' dir='ltr'>διάλυσιν</span> <span class='ocrx_word' id='word_1_19' title='bbox 1639 810 1654 861; x_wconf 86' lang='grc'>;</span> <span class='ocrx_word' id='word_1_20' title='bbox 1687 791 1816 847; x_wconf 81' lang='grc' dir='ltr'>αὐτὸ</span> <span class='ocrx_word' id='word_1_21' title='bbox 1846 792 1908 847; x_wconf 89' lang='grc' dir='ltr'>τὸ</span> <span class='ocrx_word' id='word_1_22' title='bbox 1935 793 2035 860; x_wconf 83' lang='grc' dir='ltr'>τήν</span> 
     </span>
    </p>
   </div>
   <div class='ocr_carea' id='block_1_5' title="bbox 386 876 2036 957">
    <p class='ocr_par' dir='ltr' id='par_1_5' title="bbox 386 876 2036 957">
     <span class='ocr_line' id='line_1_5' title="bbox 386 876 2036 957; baseline 0.001 -24"><span class='ocrx_word' id='word_1_23' title='bbox 386 879 611 952; x_wconf 88' lang='grc' dir='ltr'>πρώτην</span> <span class='ocrx_word' id='word_1_24' title='bbox 697 876 950 954; x_wconf 83' lang='grc' dir='ltr'>ἀφορμὴν</span> <span class='ocrx_word' id='word_1_25' title='bbox 1025 886 1126 949; x_wconf 84' lang='grc' dir='ltr'>τῆς</span> <span class='ocrx_word' id='word_1_26' title='bbox 1203 878 1343 953; x_wconf 85' lang='grc' dir='ltr'>ἐμῆς</span> <span class='ocrx_word' id='word_1_27' title='bbox 1435 878 1699 957; x_wconf 72' lang='grc' dir='ltr'>γενέσεως</span> <span class='ocrx_word' id='word_1_28' title='bbox 1784 878 2036 943; x_wconf 86' lang='grc' dir='ltr'>δεδωκὼς</span> 
     </span>
    </p>
   </div>
   <div class='ocr_carea' id='block_1_6' title="bbox 385 967 2038 1046">
    <p class='ocr_par' dir='ltr' id='par_1_6' title="bbox 385 967 2038 1046">
     <span class='ocr_line' id='line_1_6' title="bbox 385 967 2038 1046; baseline 0.002 -25"><span class='ocrx_word' id='word_1_29' title='bbox 385 967 601 1042; x_wconf 87' lang='grc' dir='ltr'>σπέρμα</span> <span class='ocrx_word' id='word_1_30' title='bbox 657 967 826 1040; x_wconf 90' lang='grc' dir='ltr'>μήπω</span> <span class='ocrx_word' id='word_1_31' title='bbox 871 968 1040 1043; x_wconf 87' lang='grc' dir='ltr'>τυχὸν</span> <span class='ocrx_word' id='word_1_32' title='bbox 1092 967 1144 1023; x_wconf 89' lang='grc' dir='ltr'>ἐν</span> <span class='ocrx_word' id='word_1_33' title='bbox 1191 968 1263 1043; x_wconf 74' lang='grc' dir='ltr'>τῇ</span> <span class='ocrx_word' id='word_1_34' title='bbox 1324 969 1494 1046; x_wconf 80' lang='grc' dir='ltr'>μητρὶ</span> <span class='ocrx_word' id='word_1_35' title='bbox 1554 967 1828 1043; x_wconf 82' lang='grc' dir='ltr'>μηδεμιᾶς</span> <span class='ocrx_word' id='word_1_36' title='bbox 1888 969 2038 1045; x_wconf 89' lang='grc' dir='ltr'>ἐργα-</span> 
     </span>
    </p>
   </div>
   <div class='ocr_carea' id='block_1_7' title="bbox 387 1055 2035 1133">
    <p class='ocr_par' dir='ltr' id='par_1_7' title="bbox 387 1055 2035 1133">
     <span class='ocr_line' id='line_1_7' title="bbox 387 1055 2035 1133; baseline 0.002 -23"><span class='ocrx_word' id='word_1_37' title='bbox 387 1055 505 1118; x_wconf 89' lang='grc' dir='ltr'>σίας</span> <span class='ocrx_word' id='word_1_38' title='bbox 568 1056 969 1133; x_wconf 85' lang='grc' dir='ltr'>βρεφουργικῆς</span> <span class='ocrx_word' id='word_1_39' title='bbox 1025 1055 1199 1120; x_wconf 76' lang='grc' dir='ltr'>οὕτως</span> <span class='ocrx_word' id='word_1_40' title='bbox 1252 1055 1404 1121; x_wconf 81' lang='grc' dir='ltr'>οἶδας</span> <span class='ocrx_word' id='word_1_41' title='bbox 1464 1059 1540 1121; x_wconf 85' lang='grc' dir='ltr'>ὡς</span> <span class='ocrx_word' id='word_1_42' title='bbox 1598 1057 1865 1128; x_wconf 79' lang='grc' dir='ltr'>αὐτοτελῆ</span> <span class='ocrx_word' id='word_1_43' title='bbox 1930 1080 2035 1131; x_wconf 89' lang='grc' dir='ltr'>μου</span> 
     </span>
    </p>
   </div>
   <div class='ocr_carea' id='block_1_8' title="bbox 387 1143 700 1201">
    <p class='ocr_par' dir='ltr' id='par_1_8' title="bbox 387 1143 700 1201">
     <span class='ocr_line' id='line_1_8' title="bbox 387 1143 700 1201; baseline 0.01 -3"><span class='ocrx_word' id='word_1_44' title='bbox 387 1143 700 1201; x_wconf 80' lang='grc' dir='ltr'>ὑπόστασιν.</span> 
     </span>
    </p>
   </div>
   <div class='ocr_carea' id='block_1_9' title="bbox 456 1230 2031 1315">
    <p class='ocr_par' dir='ltr' id='par_1_9' title="bbox 456 1230 2031 1315">
     <span class='ocr_line' id='line_1_9' title="bbox 456 1230 2031 1315; baseline 0 -28"><span class='ocrx_word' id='word_1_45' title='bbox 456 1257 487 1287; x_wconf 83' lang='grc'>‹‹</span> <span class='ocrx_word' id='word_1_46' title='bbox 516 1233 617 1288; x_wconf 86' lang='grc' dir='ltr'>Καὶ</span> <span class='ocrx_word' id='word_1_47' title='bbox 665 1233 753 1289; x_wconf 85' lang='grc' dir='ltr'>ἐπὶ</span> <span class='ocrx_word' id='word_1_48' title='bbox 798 1234 860 1289; x_wconf 90' lang='grc' dir='ltr'>τὸ</span> <span class='ocrx_word' id='word_1_49' title='bbox 908 1230 1123 1310; x_wconf 88' lang='grc' dir='ltr'>βιϐλίον</span> <span class='ocrx_word' id='word_1_50' title='bbox 1171 1256 1266 1291; x_wconf 87' lang='grc' dir='ltr'>σου</span> <span class='ocrx_word' id='word_1_51' title='bbox 1322 1234 1519 1298; x_wconf 89' lang='grc' dir='ltr'>πάντες</span> <span class='ocrx_word' id='word_1_52' title='bbox 1577 1238 1974 1315; x_wconf 85' lang='grc' dir='ltr'>γραφήσονται.</span> <span class='ocrx_word' id='word_1_53' title='bbox 2002 1259 2031 1288; x_wconf 85' lang='lat'><strong>»</strong></span> 
     </span>
    </p>
   </div>
   <div class='ocr_carea' id='block_1_10' title="bbox 382 1322 2032 1402">
    <p class='ocr_par' dir='ltr' id='par_1_10' title="bbox 382 1322 2032 1402">
     <span class='ocr_line' id='line_1_10' title="bbox 382 1322 2032 1402; baseline 0.001 -25"><span class='ocrx_word' id='word_1_54' title='bbox 382 1351 455 1367; x_wconf 80' lang='lat'>-—-</span> <span class='ocrx_word' id='word_1_55' title='bbox 508 1322 609 1377; x_wconf 82' lang='grc' dir='ltr'>Καὶ</span> <span class='ocrx_word' id='word_1_56' title='bbox 666 1322 730 1378; x_wconf 84' lang='grc' dir='ltr'>ού</span> <span class='ocrx_word' id='word_1_57' title='bbox 789 1323 950 1395; x_wconf 88' lang='grc' dir='ltr'>μόνον</span> <span class='ocrx_word' id='word_1_58' title='bbox 1009 1322 1108 1397; x_wconf 77' lang='grc' dir='ltr'>ἐμὲ</span> <span class='ocrx_word' id='word_1_59' title='bbox 1161 1325 1453 1399; x_wconf 81' lang='grc' dir='ltr'>γινώσκεις</span> <span class='ocrx_word' id='word_1_60' title='bbox 1503 1323 1700 1396; x_wconf 76' lang='grc' dir='ltr'>οὕτως,</span> <span class='ocrx_word' id='word_1_61' title='bbox 1749 1325 1826 1387; x_wconf 84' lang='grc' dir='ltr'>ὡς</span> <span class='ocrx_word' id='word_1_62' title='bbox 1876 1323 2032 1402; x_wconf 83' lang='grc' dir='ltr'>ἔφην,</span> 
     </span>
    </p>
   </div>
   <div class='ocr_carea' id='block_1_11' title="bbox 380 1408 2029 1490">
    <p class='ocr_par' dir='ltr' id='par_1_11' title="bbox 380 1408 2029 1490">
     <span class='ocr_line' id='line_1_11' title="bbox 380 1408 2029 1490; baseline 0.001 -23"><span class='ocrx_word' id='word_1_63' title='bbox 380 1410 529 1467; x_wconf 80' lang='grc' dir='ltr'>ἀλλὰ</span> <span class='ocrx_word' id='word_1_64' title='bbox 578 1411 667 1467; x_wconf 82' lang='grc' dir='ltr'>καὶ</span> <span class='ocrx_word' id='word_1_65' title='bbox 723 1411 1097 1485; x_wconf 80' lang='grc' dir='ltr'>ἁπαξάπαντας</span> <span class='ocrx_word' id='word_1_66' title='bbox 1131 1431 1144 1444; x_wconf 92' lang='grc'>·</span> <span class='ocrx_word' id='word_1_67' title='bbox 1209 1408 1427 1490; x_wconf 90' lang='grc' dir='ltr'>βιϐλίον</span> <span class='ocrx_word' id='word_1_68' title='bbox 1487 1414 1581 1487; x_wconf 77' lang='grc' dir='ltr'>μὲν</span> <span class='ocrx_word' id='word_1_69' title='bbox 1641 1415 1744 1490; x_wconf 79' lang='grc' dir='ltr'>γὰρ</span> <span class='ocrx_word' id='word_1_70' title='bbox 1803 1418 1938 1469; x_wconf 89' lang='grc' dir='ltr'>Θεοῦ</span> <span class='ocrx_word' id='word_1_71' title='bbox 1994 1415 2029 1484; x_wconf 85' lang='grc' dir='ltr'>ἡ</span> 
     </span>
    </p>
   </div>
   <div class='ocr_carea' id='block_1_12' title="bbox 378 1496 2032 1577">
    <p class='ocr_par' dir='ltr' id='par_1_12' title="bbox 378 1496 2032 1577">
     <span class='ocr_line' id='line_1_12' title="bbox 378 1496 2032 1577; baseline 0.001 -22"><span class='ocrx_word' id='word_1_72' title='bbox 378 1496 609 1576; x_wconf 76' lang='grc' dir='ltr'>ἀκριϐὴς</span> <span class='ocrx_word' id='word_1_73' title='bbox 661 1505 880 1577; x_wconf 88' lang='grc' dir='ltr'>γνῶσις·</span> <span class='ocrx_word' id='word_1_74' title='bbox 939 1503 1121 1577; x_wconf 82' lang='grc' dir='ltr'>γραφὴ</span> <span class='ocrx_word' id='word_1_75' title='bbox 1172 1499 1230 1557; x_wconf 78' lang='grc' dir='ltr'>δὲ</span> <span class='ocrx_word' id='word_1_76' title='bbox 1274 1502 1440 1558; x_wconf 84' lang='grc' dir='ltr'>αὐτοῦ</span> <span class='ocrx_word' id='word_1_77' title='bbox 1488 1505 1523 1572; x_wconf 83' lang='grc' dir='ltr'>ἡ</span> <span class='ocrx_word' id='word_1_78' title='bbox 1576 1499 1835 1572; x_wconf 79' lang='grc' dir='ltr'>διηνεκὴς</span> <span class='ocrx_word' id='word_1_79' title='bbox 1898 1504 2032 1576; x_wconf 88' lang='grc' dir='ltr'>μνή-</span> 
     </span>
    </p>
   </div>
   <div class='ocr_carea' id='block_1_13' title="bbox 379 1588 2029 1668">
    <p class='ocr_par' dir='ltr' id='par_1_13' title="bbox 379 1588 2029 1668">
     <span class='ocr_line' id='line_1_13' title="bbox 379 1588 2029 1668; baseline -0.001 -22"><span class='ocrx_word' id='word_1_80' title='bbox 379 1611 456 1662; x_wconf 97' lang='grc' dir='ltr'>μη</span> <span class='ocrx_word' id='word_1_81' title='bbox 493 1633 507 1646; x_wconf 96' lang='grc'>.</span> <span class='ocrx_word' id='word_1_82' title='bbox 562 1589 634 1644; x_wconf 89' lang='grc' dir='ltr'>Τὸ</span> <span class='ocrx_word' id='word_1_83' title='bbox 688 1590 1020 1668; x_wconf 70' lang='grc' dir='ltr'>γραφήσεται</span> <span class='ocrx_word' id='word_1_84' title='bbox 1079 1588 1137 1646; x_wconf 77' lang='grc' dir='ltr'>δὲ</span> <span class='ocrx_word' id='word_1_85' title='bbox 1190 1594 1284 1646; x_wconf 91' lang='grc' dir='ltr'>νῦν</span> <span class='ocrx_word' id='word_1_86' title='bbox 1340 1591 1458 1646; x_wconf 87' lang='grc' dir='ltr'>ἀντὶ</span> <span class='ocrx_word' id='word_1_87' title='bbox 1508 1594 1607 1646; x_wconf 92' lang='grc' dir='ltr'>τοῦ</span> <span class='ocrx_word' id='word_1_88' title='bbox 1657 1592 2029 1667; x_wconf 73' lang='grc' dir='ltr'>γεγραμμένοι</span> 
     </span>
    </p>
   </div>
   <div class='ocr_carea' id='block_1_14' title="bbox 377 1676 2031 1757">
    <p class='ocr_par' dir='ltr' id='par_1_14' title="bbox 377 1676 2031 1757">
     <span class='ocr_line' id='line_1_14' title="bbox 377 1676 2031 1757; baseline 0.001 -23"><span class='ocrx_word' id='word_1_89' title='bbox 377 1678 480 1734; x_wconf 78' lang='grc' dir='ltr'>εἶσί</span> <span class='ocrx_word' id='word_1_90' title='bbox 513 1697 527 1710; x_wconf 95' lang='grc'>·</span> <span class='ocrx_word' id='word_1_91' title='bbox 582 1680 651 1734; x_wconf 80' lang='grc' dir='ltr'>τὰ</span> <span class='ocrx_word' id='word_1_92' title='bbox 702 1680 876 1734; x_wconf 91' lang='grc' dir='ltr'>πάντα</span> <span class='ocrx_word' id='word_1_93' title='bbox 929 1680 1031 1755; x_wconf 76' lang='grc' dir='ltr'>γὰρ</span> <span class='ocrx_word' id='word_1_94' title='bbox 1108 1676 1248 1735; x_wconf 79' lang='grc' dir='ltr'>οἶδεν</span> <span class='ocrx_word' id='word_1_95' title='bbox 1310 1681 1339 1735; x_wconf 91' lang='lat'>6</span> <span class='ocrx_word' id='word_1_96' title='bbox 1396 1679 1528 1742; x_wconf 85' lang='grc' dir='ltr'>Θεὸς</span> <span class='ocrx_word' id='word_1_97' title='bbox 1582 1679 1710 1757; x_wconf 85' lang='grc' dir='ltr'>πρὶν</span> <span class='ocrx_word' id='word_1_98' title='bbox 1775 1680 2031 1756; x_wconf 74' lang='grc' dir='ltr'>γενέσεως</span> 
     </span>
    </p>
   </div>
   <div class='ocr_carea' id='block_1_15' title="bbox 378 1763 2028 1844">
    <p class='ocr_par' dir='ltr' id='par_1_15' title="bbox 378 1763 2028 1844">
     <span class='ocr_line' id='line_1_15' title="bbox 378 1763 2028 1844; baseline 0.001 -22"><span class='ocrx_word' id='word_1_99' title='bbox 378 1766 575 1823; x_wconf 82' lang='grc' dir='ltr'>αὐτῶν·</span> <span class='ocrx_word' id='word_1_100' title='bbox 627 1766 678 1822; x_wconf 90' lang='grc' dir='ltr'>ἐν</span> <span class='ocrx_word' id='word_1_101' title='bbox 734 1768 827 1841; x_wconf 76' lang='grc' dir='ltr'>μὲν</span> <span class='ocrx_word' id='word_1_102' title='bbox 877 1765 967 1823; x_wconf 81' lang='grc' dir='ltr'>οὖν</span> <span class='ocrx_word' id='word_1_103' title='bbox 1016 1772 1097 1840; x_wconf 81' lang='grc' dir='ltr'>τῷ</span> <span class='ocrx_word' id='word_1_104' title='bbox 1148 1763 1354 1844; x_wconf 88' lang='grc' dir='ltr'>βιϐλίῳ</span> <span class='ocrx_word' id='word_1_105' title='bbox 1398 1776 1501 1839; x_wconf 84' lang='grc' dir='ltr'>τῆς</span> <span class='ocrx_word' id='word_1_106' title='bbox 1548 1767 1732 1839; x_wconf 84' lang='grc' dir='ltr'>ἀπλῆς</span> <span class='ocrx_word' id='word_1_107' title='bbox 1777 1769 2028 1844; x_wconf 86' lang='grc' dir='ltr'>γνώσεως</span> 
     </span>
    </p>
   </div>
   <div class='ocr_carea' id='block_1_16' title="bbox 375 1854 2027 1933">
    <p class='ocr_par' dir='ltr' id='par_1_16' title="bbox 375 1854 2027 1933">
     <span class='ocr_line' id='line_1_16' title="bbox 375 1854 2027 1933; baseline 0.001 -23"><span class='ocrx_word' id='word_1_108' title='bbox 375 1854 745 1933; x_wconf 73' lang='grc' dir='ltr'>γεγραμμένοι</span> <span class='ocrx_word' id='word_1_109' title='bbox 798 1857 1125 1933; x_wconf 89' lang='grc' dir='ltr'>τυγχάνουσι</span> <span class='ocrx_word' id='word_1_110' title='bbox 1185 1857 1506 1930; x_wconf 77' lang='grc' dir='ltr'>σύμπαντες·</span> <span class='ocrx_word' id='word_1_111' title='bbox 1570 1856 1622 1913; x_wconf 90' lang='grc' dir='ltr'>ἐν</span> <span class='ocrx_word' id='word_1_112' title='bbox 1686 1854 1745 1912; x_wconf 80' lang='grc' dir='ltr'>δὲ</span> <span class='ocrx_word' id='word_1_113' title='bbox 1784 1856 1865 1931; x_wconf 79' lang='grc' dir='ltr'>τῷ</span> <span class='ocrx_word' id='word_1_114' title='bbox 1910 1858 2027 1913; x_wconf 83' lang='grc' dir='ltr'>κατ’</span> 
     </span>
    </p>
   </div>
   <div class='ocr_carea' id='block_1_17' title="bbox 377 1943 1457 2022">
    <p class='ocr_par' dir='ltr' id='par_1_17' title="bbox 377 1943 1457 2022">
     <span class='ocr_line' id='line_1_17' title="bbox 377 1943 1457 2022; baseline 0.004 -23"><span class='ocrx_word' id='word_1_115' title='bbox 377 1944 648 2001; x_wconf 82' lang='grc' dir='ltr'>οίκείωσιν</span> <span class='ocrx_word' id='word_1_116' title='bbox 679 1950 931 2022; x_wconf 88' lang='grc' dir='ltr'>γνώσεως</span> <span class='ocrx_word' id='word_1_117' title='bbox 966 1945 1121 2020; x_wconf 85' lang='grc' dir='ltr'>μόνοι</span> <span class='ocrx_word' id='word_1_118' title='bbox 1151 1947 1203 2001; x_wconf 76' lang='grc' dir='ltr'>οἱ</span> <span class='ocrx_word' id='word_1_119' title='bbox 1235 1943 1457 2003; x_wconf 89' lang='grc' dir='ltr'>δίκαιοι.</span> 
     </span>
    </p>
   </div>
   <div class='ocr_carea' id='block_1_18' title="bbox 447 2050 2021 2129">
    <p class='ocr_par' dir='ltr' id='par_1_18' title="bbox 447 2050 2021 2129">
     <span class='ocr_line' id='line_1_18' title="bbox 447 2050 2021 2129; baseline 0.001 -24"><span class='ocrx_word' id='word_1_120' title='bbox 447 2076 478 2105; x_wconf 82' lang='grc' dir='ltr'>(ι</span> <span class='ocrx_word' id='word_1_121' title='bbox 508 2051 743 2129; x_wconf 84' lang='grc' dir='ltr'>Ἡμέρας</span> <span class='ocrx_word' id='word_1_122' title='bbox 788 2050 1218 2127; x_wconf 84' lang='grc' dir='ltr'>πλασθήσονται,</span> <span class='ocrx_word' id='word_1_123' title='bbox 1273 2053 1365 2109; x_wconf 87' lang='grc' dir='ltr'>καὶ</span> <span class='ocrx_word' id='word_1_124' title='bbox 1424 2051 1600 2116; x_wconf 76' lang='grc' dir='ltr'>οὐδεὶς</span> <span class='ocrx_word' id='word_1_125' title='bbox 1652 2052 1705 2109; x_wconf 91' lang='grc' dir='ltr'>ἐν</span> <span class='ocrx_word' id='word_1_126' title='bbox 1754 2052 1960 2116; x_wconf 79' lang='grc' dir='ltr'>αὐτοῖς.</span> <span class='ocrx_word' id='word_1_127' title='bbox 1991 2076 2021 2107; x_wconf 89' lang='grc'><strong>››</strong></span> 
     </span>
    </p>
   </div>
   <div class='ocr_carea' id='block_1_19' title="bbox 372 2137 2023 2219">
    <p class='ocr_par' dir='ltr' id='par_1_19' title="bbox 372 2137 2023 2219">
     <span class='ocr_line' id='line_1_19' title="bbox 372 2137 2023 2219; baseline 0.001 -23"><span class='ocrx_word' id='word_1_128' title='bbox 372 2141 672 2204; x_wconf 82' lang='grc' dir='ltr'>-Πάντες</span> <span class='ocrx_word' id='word_1_129' title='bbox 733 2142 916 2215; x_wconf 77' lang='grc' dir='ltr'>μέντοι</span> <span class='ocrx_word' id='word_1_130' title='bbox 971 2162 1035 2217; x_wconf 90' lang='grc' dir='ltr'>γε</span> <span class='ocrx_word' id='word_1_131' title='bbox 1090 2143 1144 2197; x_wconf 73' lang='grc' dir='ltr'>οἱ</span> <span class='ocrx_word' id='word_1_132' title='bbox 1203 2142 1255 2197; x_wconf 89' lang='grc' dir='ltr'>ἐν</span> <span class='ocrx_word' id='word_1_133' title='bbox 1302 2147 1370 2217; x_wconf 82' lang='grc' dir='ltr'>τῇ</span> <span class='ocrx_word' id='word_1_134' title='bbox 1426 2137 1609 2218; x_wconf 87' lang='grc' dir='ltr'>βίϐλῳ</span> <span class='ocrx_word' id='word_1_135' title='bbox 1659 2163 1754 2197; x_wconf 92' lang='grc' dir='ltr'>σου</span> <span class='ocrx_word' id='word_1_136' title='bbox 1784 2163 2023 2219; x_wconf 87' lang='grc' dir='ltr'>γεγραμ-</span> 
     </span>
    </p>
   </div>
   <div class='ocr_carea' id='block_1_20' title="bbox 374 2228 2020 2307">
    <p class='ocr_par' dir='ltr' id='par_1_20' title="bbox 374 2228 2020 2307">
     <span class='ocr_line' id='line_1_20' title="bbox 374 2228 2020 2307; baseline 0.001 -22"><span class='ocrx_word' id='word_1_137' title='bbox 374 2228 523 2303; x_wconf 75' lang='grc' dir='ltr'>μένοι</span> <span class='ocrx_word' id='word_1_138' title='bbox 582 2228 987 2301; x_wconf 88' lang='grc' dir='ltr'>πλασθήσονται</span> <span class='ocrx_word' id='word_1_139' title='bbox 1048 2228 1246 2285; x_wconf 85' lang='grc' dir='ltr'>πλάσιν</span> <span class='ocrx_word' id='word_1_140' title='bbox 1304 2228 1517 2307; x_wconf 72' lang='grc' dir='ltr'>ἡμέρας</span> <span class='ocrx_word' id='word_1_141' title='bbox 1553 2273 1568 2299; x_wconf 87' lang='grc'>,</span> <span class='ocrx_word' id='word_1_142' title='bbox 1626 2228 1751 2300; x_wconf 79' lang='grc' dir='ltr'>ἤτοι</span> <span class='ocrx_word' id='word_1_143' title='bbox 1822 2229 2020 2286; x_wconf 85' lang='grc' dir='ltr'>πλάσιν</span> 
     </span>
    </p>
   </div>
   <div class='ocr_carea' id='block_1_21' title="bbox 367 2315 2016 2395">
    <p class='ocr_par' dir='ltr' id='par_1_21' title="bbox 367 2315 2016 2395">
     <span class='ocr_line' id='line_1_21' title="bbox 367 2315 2016 2395; baseline -0.001 -21"><span class='ocrx_word' id='word_1_144' title='bbox 367 2319 657 2395; x_wconf 78' lang='grc' dir='ltr'>ἠμερινήν,</span> <span class='ocrx_word' id='word_1_145' title='bbox 706 2319 796 2373; x_wconf 86' lang='grc' dir='ltr'>καὶ</span> <span class='ocrx_word' id='word_1_146' title='bbox 846 2315 1021 2381; x_wconf 77' lang='grc' dir='ltr'>οὐδεὶς</span> <span class='ocrx_word' id='word_1_147' title='bbox 1079 2317 1131 2373; x_wconf 85' lang='grc' dir='ltr'>ἐν</span> <span class='ocrx_word' id='word_1_148' title='bbox 1185 2318 1369 2381; x_wconf 84' lang='grc' dir='ltr'>αὐτοῖς</span> <span class='ocrx_word' id='word_1_149' title='bbox 1419 2316 1587 2389; x_wconf 78' lang='grc' dir='ltr'>ἔσται,</span> <span class='ocrx_word' id='word_1_150' title='bbox 1637 2317 1896 2390; x_wconf 86' lang='grc' dir='ltr'>δη)ονότι</span> <span class='ocrx_word' id='word_1_151' title='bbox 1940 2321 2016 2392; x_wconf 80' lang='grc' dir='ltr'>μὴ</span> 
     </span>
    </p>
   </div>
   <div class='ocr_carea' id='block_1_22' title="bbox 365 2407 2017 2486">
    <p class='ocr_par' dir='ltr' id='par_1_22' title="bbox 365 2407 2017 2486">
     <span class='ocr_line' id='line_1_22' title="bbox 365 2407 2017 2486; baseline 0 -23"><span class='ocrx_word' id='word_1_152' title='bbox 365 2408 623 2480; x_wconf 77' lang='grc' dir='ltr'>τοιαύτην</span> <span class='ocrx_word' id='word_1_153' title='bbox 679 2407 877 2464; x_wconf 82' lang='grc' dir='ltr'>πλάσιν</span> <span class='ocrx_word' id='word_1_154' title='bbox 938 2408 1196 2474; x_wconf 89' lang='grc' dir='ltr'>πλασθείς</span> <span class='ocrx_word' id='word_1_155' title='bbox 1232 2451 1245 2462; x_wconf 95' lang='grc'>.</span> <span class='ocrx_word' id='word_1_156' title='bbox 1303 2408 1553 2463; x_wconf 81' lang='grc' dir='ltr'>Τουτέστι</span> <span class='ocrx_word' id='word_1_157' title='bbox 1588 2453 1603 2480; x_wconf 89' lang='grc'>,</span> <span class='ocrx_word' id='word_1_158' title='bbox 1662 2414 1805 2463; x_wconf 91' lang='grc' dir='ltr'>πᾶσα</span> <span class='ocrx_word' id='word_1_159' title='bbox 1860 2409 2017 2486; x_wconf 88' lang='grc' dir='ltr'>φύσις</span> 
     </span>
    </p>
   </div>
   <div class='ocr_carea' id='block_1_23' title="bbox 372 2495 2013 2574">
    <p class='ocr_par' dir='ltr' id='par_1_23' title="bbox 372 2495 2013 2574">
     <span class='ocr_line' id='line_1_23' title="bbox 372 2495 2013 2574; baseline 0 -21"><span class='ocrx_word' id='word_1_160' title='bbox 372 2499 581 2574; x_wconf 80' lang='grc' dir='ltr'>βροτῶν</span> <span class='ocrx_word' id='word_1_161' title='bbox 662 2495 751 2553; x_wconf 82' lang='grc' dir='ltr'>διὰ</span> <span class='ocrx_word' id='word_1_162' title='bbox 823 2505 926 2568; x_wconf 85' lang='grc' dir='ltr'>τῆς</span> <span class='ocrx_word' id='word_1_163' title='bbox 997 2496 1407 2574; x_wconf 81' lang='grc' dir='ltr'>παλιγγενεσίας</span> <span class='ocrx_word' id='word_1_164' title='bbox 1476 2495 1947 2568; x_wconf 79' lang='grc' dir='ltr'>ἀναπλασθήσεται</span> <span class='ocrx_word' id='word_1_165' title='bbox 1998 2517 2013 2533; x_wconf 90' lang='grc'>·</span> 
     </span>
    </p>
   </div>
   <div class='ocr_carea' id='block_1_24' title="bbox 364 2584 2015 2665">
    <p class='ocr_par' dir='ltr' id='par_1_24' title="bbox 364 2584 2015 2665">
     <span class='ocr_line' id='line_1_24' title="bbox 364 2584 2015 2665; baseline 0 -24"><span class='ocrx_word' id='word_1_166' title='bbox 364 2586 490 2661; x_wconf 83' lang='grc' dir='ltr'>περὶ</span> <span class='ocrx_word' id='word_1_167' title='bbox 533 2585 734 2657; x_wconf 88' lang='grc' dir='ltr'>ταύτης</span> <span class='ocrx_word' id='word_1_168' title='bbox 774 2586 878 2662; x_wconf 79' lang='grc' dir='ltr'>γὰρ</span> <span class='ocrx_word' id='word_1_169' title='bbox 916 2590 1007 2642; x_wconf 91' lang='grc' dir='ltr'>νῦν</span> <span class='ocrx_word' id='word_1_170' title='bbox 1054 2586 1083 2641; x_wconf 93' lang='lat'>6</span> <span class='ocrx_word' id='word_1_171' title='bbox 1132 2588 1424 2664; x_wconf 76' lang='grc' dir='ltr'>προφήτης</span> <span class='ocrx_word' id='word_1_172' title='bbox 1472 2584 1780 2665; x_wconf 77' lang='grc' dir='ltr'>φιλοσοφεῖ,</span> <span class='ocrx_word' id='word_1_173' title='bbox 1818 2585 2015 2642; x_wconf 83' lang='grc' dir='ltr'>πλάσιν</span> 
     </span>
    </p>
   </div>
   <div class='ocr_carea' id='block_1_25' title="bbox 363 2675 2012 2750">
    <p class='ocr_par' dir='ltr' id='par_1_25' title="bbox 363 2675 2012 2750">
     <span class='ocr_line' id='line_1_25' title="bbox 363 2675 2012 2750; baseline 0 -20"><span class='ocrx_word' id='word_1_174' title='bbox 363 2676 632 2750; x_wconf 82' lang='grc' dir='ltr'>ἡμερινήν</span> <span class='ocrx_word' id='word_1_175' title='bbox 684 2676 966 2748; x_wconf 77' lang='grc' dir='ltr'>ὀνομάζων</span> <span class='ocrx_word' id='word_1_176' title='bbox 1011 2676 1177 2745; x_wconf 78' lang='grc' dir='ltr'>αὐτὴν</span> <span class='ocrx_word' id='word_1_177' title='bbox 1234 2676 1309 2738; x_wconf 86' lang='grc' dir='ltr'>ὡς</span> <span class='ocrx_word' id='word_1_178' title='bbox 1356 2679 1453 2730; x_wconf 90' lang='grc' dir='ltr'>τοῦ</span> <span class='ocrx_word' id='word_1_179' title='bbox 1501 2675 1727 2738; x_wconf 83' lang='grc' dir='ltr'>σκότους</span> <span class='ocrx_word' id='word_1_180' title='bbox 1772 2679 1878 2730; x_wconf 89' lang='grc' dir='ltr'>τῶν</span> <span class='ocrx_word' id='word_1_181' title='bbox 1910 2696 2012 2731; x_wconf 90' lang='grc' dir='ltr'>πα-</span> 
     </span>
    </p>
   </div>
   <div class='ocr_carea' id='block_1_26' title="bbox 361 2760 2011 2841">
    <p class='ocr_par' dir='ltr' id='par_1_26' title="bbox 361 2760 2011 2841">
     <span class='ocr_line' id='line_1_26' title="bbox 361 2760 2011 2841; baseline 0 -22"><span class='ocrx_word' id='word_1_182' title='bbox 361 2765 467 2819; x_wconf 86' lang='grc' dir='ltr'>θῶν</span> <span class='ocrx_word' id='word_1_183' title='bbox 539 2762 993 2840; x_wconf 69' lang='grc' dir='ltr'>ἀπηλλαγμένην,</span> <span class='ocrx_word' id='word_1_184' title='bbox 1071 2764 1148 2828; x_wconf 89' lang='grc' dir='ltr'>ὠς</span> <span class='ocrx_word' id='word_1_185' title='bbox 1226 2760 1394 2837; x_wconf 75' lang='grc' dir='ltr'>μηδὲν</span> <span class='ocrx_word' id='word_1_186' title='bbox 1470 2762 1700 2839; x_wconf 81' lang='grc' dir='ltr'>ἔχουσαν</span> <span class='ocrx_word' id='word_1_187' title='bbox 1776 2765 2011 2841; x_wconf 84' lang='grc' dir='ltr'>κρυπτὸν</span> 
     </span>
    </p>
   </div>
   <div class='ocr_carea' id='block_1_27' title="bbox 358 2850 2012 2931">
    <p class='ocr_par' dir='ltr' id='par_1_27' title="bbox 358 2850 2012 2931">
     <span class='ocr_line' id='line_1_27' title="bbox 358 2850 2012 2931; baseline 0 -23"><span class='ocrx_word' id='word_1_188' title='bbox 358 2852 763 2931; x_wconf 89' lang='grc' dir='ltr'>ἐνεργούμενον,</span> <span class='ocrx_word' id='word_1_189' title='bbox 795 2852 871 2915; x_wconf 86' lang='grc' dir='ltr'>ὠς</span> <span class='ocrx_word' id='word_1_190' title='bbox 900 2850 1181 2929; x_wconf 87' lang='grc' dir='ltr'>διάδοχον.</span> <span class='ocrx_word' id='word_1_191' title='bbox 1230 2857 1338 2923; x_wconf 88' lang='grc' dir='ltr'>Τῆν</span> <span class='ocrx_word' id='word_1_192' title='bbox 1392 2855 1535 2922; x_wconf 79' lang='grc' dir='ltr'>ζωὴν</span> <span class='ocrx_word' id='word_1_193' title='bbox 1588 2857 1658 2928; x_wconf 80' lang='grc' dir='ltr'>τῇ</span> <span class='ocrx_word' id='word_1_194' title='bbox 1708 2857 1805 2908; x_wconf 91' lang='grc' dir='ltr'>τοῦ</span> <span class='ocrx_word' id='word_1_195' title='bbox 1853 2853 2012 2918; x_wconf 85' lang='grc' dir='ltr'>θανά-</span> 
     </span>
    </p>
   </div>
   <div class='ocr_carea' id='block_1_28' title="bbox 355 2940 2009 3015">
    <p class='ocr_par' dir='ltr' id='par_1_28' title="bbox 355 2940 2009 3015">
     <span class='ocr_line' id='line_1_28' title="bbox 355 2940 2009 3015; baseline 0 -18"><span class='ocrx_word' id='word_1_196' title='bbox 355 2964 453 2998; x_wconf 90' lang='grc' dir='ltr'>του</span> <span class='ocrx_word' id='word_1_197' title='bbox 510 2946 634 3013; x_wconf 80' lang='grc' dir='ltr'>σκιᾷ</span> <span class='ocrx_word' id='word_1_198' title='bbox 690 2942 1027 3015; x_wconf 78' lang='grc' dir='ltr'>κεκτημένην</span> <span class='ocrx_word' id='word_1_199' title='bbox 1084 2940 1173 2997; x_wconf 80' lang='grc' dir='ltr'>καὶ</span> <span class='ocrx_word' id='word_1_200' title='bbox 1234 2940 1595 3011; x_wconf 87' lang='grc' dir='ltr'>ἀκατάλυτον,</span> <span class='ocrx_word' id='word_1_201' title='bbox 1655 2942 1729 3004; x_wconf 89' lang='grc' dir='ltr'>ὠς</span> <span class='ocrx_word' id='word_1_202' title='bbox 1800 2940 2009 2997; x_wconf 83' lang='grc' dir='ltr'>πάντων</span> 
     </span>
    </p>
   </div>
   <div class='ocr_carea' id='block_1_29' title="bbox 360 3027 2012 3107">
    <p class='ocr_par' dir='ltr' id='par_1_29' title="bbox 360 3027 2012 3107">
     <span class='ocr_line' id='line_1_29' title="bbox 360 3027 2012 3107; baseline -0.001 -20"><span class='ocrx_word' id='word_1_203' title='bbox 360 3030 551 3094; x_wconf 80' lang='grc' dir='ltr'>ἁπλῶς</span> <span class='ocrx_word' id='word_1_204' title='bbox 582 3030 978 3106; x_wconf 83' lang='grc' dir='ltr'>καθαρεύουσαν</span> <span class='ocrx_word' id='word_1_205' title='bbox 1029 3027 1120 3085; x_wconf 71' lang='grc' dir='ltr'>διὰ</span> <span class='ocrx_word' id='word_1_206' title='bbox 1168 3032 1268 3101; x_wconf 81' lang='grc' dir='ltr'>τήν</span> <span class='ocrx_word' id='word_1_207' title='bbox 1299 3031 1526 3106; x_wconf 90' lang='grc' dir='ltr'>πρώτην</span> <span class='ocrx_word' id='word_1_208' title='bbox 1555 3031 1781 3107; x_wconf 86' lang='grc' dir='ltr'>γένεσιν,</span> <span class='ocrx_word' id='word_1_209' title='bbox 1812 3030 2012 3087; x_wconf 86' lang='grc' dir='ltr'>πλάσιν</span> 
     </span>
    </p>
   </div>
   <div class='ocr_carea' id='block_1_30' title="bbox 358 3117 1301 3196">
    <p class='ocr_par' dir='ltr' id='par_1_30' title="bbox 358 3117 1301 3196">
     <span class='ocr_line' id='line_1_30' title="bbox 358 3117 1301 3196; baseline 0 -20"><span class='ocrx_word' id='word_1_210' title='bbox 358 3122 673 3194; x_wconf 79' lang='grc' dir='ltr'>νυκτερινὴν</span> <span class='ocrx_word' id='word_1_211' title='bbox 704 3122 732 3174; x_wconf 98' lang='lat'>6</span> <span class='ocrx_word' id='word_1_212' title='bbox 761 3119 925 3196; x_wconf 84' lang='grc' dir='ltr'>λόγος</span> <span class='ocrx_word' id='word_1_213' title='bbox 956 3117 1069 3175; x_wconf 74' lang='grc' dir='ltr'>οἶδε</span> <span class='ocrx_word' id='word_1_214' title='bbox 1092 3117 1301 3176; x_wconf 84' lang='grc' dir='ltr'>καλεῖν.</span> 
     </span>
    </p>
   </div>
   <div class='ocr_carea' id='block_1_31' title="bbox 432 3206 2001 3287">
    <p class='ocr_par' dir='ltr' id='par_1_31' title="bbox 432 3206 2001 3287">
     <span class='ocr_line' id='line_1_31' title="bbox 432 3206 2001 3287; baseline 0.001 -24"><span class='ocrx_word' id='word_1_215' title='bbox 432 3234 462 3263; x_wconf 73' lang='grc' dir='ltr'>ιι</span> <span class='ocrx_word' id='word_1_216' title='bbox 495 3210 653 3282; x_wconf 89' lang='grc' dir='ltr'>Ἐμοὶ</span> <span class='ocrx_word' id='word_1_217' title='bbox 694 3206 752 3264; x_wconf 75' lang='grc' dir='ltr'>δὲ</span> <span class='ocrx_word' id='word_1_218' title='bbox 783 3207 901 3264; x_wconf 90' lang='grc' dir='ltr'>λίαν</span> <span class='ocrx_word' id='word_1_219' title='bbox 934 3208 1266 3283; x_wconf 79' lang='grc' dir='ltr'>ἐτιμήθησαν</span> <span class='ocrx_word' id='word_1_220' title='bbox 1295 3209 1348 3264; x_wconf 74' lang='grc' dir='ltr'>οἱ</span> <span class='ocrx_word' id='word_1_221' title='bbox 1379 3207 1532 3287; x_wconf 88' lang='grc' dir='ltr'>φίλοι</span> <span class='ocrx_word' id='word_1_222' title='bbox 1581 3230 1699 3279; x_wconf 87' lang='grc' dir='ltr'>σου,</span> <span class='ocrx_word' id='word_1_223' title='bbox 1731 3210 1759 3264; x_wconf 88' lang='grc' dir='ltr'>ὁ</span> <span class='ocrx_word' id='word_1_224' title='bbox 1789 3209 1940 3273; x_wconf 89' lang='grc' dir='ltr'>Θεός.</span> <span class='ocrx_word' id='word_1_225' title='bbox 1978 3237 2001 3265; x_wconf 73' lang='grc' dir='ltr'><strong><em>ι</em></strong></span> 
     </span>
    </p>
   </div>
   <div class='ocr_carea' id='block_1_32' title="bbox 359 3295 1809 3374">
    <p class='ocr_par' dir='ltr' id='par_1_32' title="bbox 359 3295 1809 3374">
     <span class='ocr_line' id='line_1_32' title="bbox 359 3295 1809 3374; baseline 0.003 -22"><span class='ocrx_word' id='word_1_226' title='bbox 359 3331 431 3342; x_wconf 96' lang='grc'><strong><em>-</em></strong></span> <span class='ocrx_word' id='word_1_227' title='bbox 461 3296 629 3353; x_wconf 85' lang='grc' dir='ltr'>Φίλοι</span> <span class='ocrx_word' id='word_1_228' title='bbox 658 3302 791 3354; x_wconf 90' lang='grc' dir='ltr'>Θεοῦ</span> <span class='ocrx_word' id='word_1_229' title='bbox 821 3296 939 3352; x_wconf 78' lang='grc' dir='ltr'>ὅσοι</span> <span class='ocrx_word' id='word_1_230' title='bbox 972 3295 1043 3352; x_wconf 85' lang='grc' dir='ltr'>δι’</span> <span class='ocrx_word' id='word_1_231' title='bbox 1068 3297 1262 3374; x_wconf 81' lang='grc' dir='ltr'>ἀρετῆς</span> <span class='ocrx_word' id='word_1_232' title='bbox 1295 3296 1616 3353; x_wconf 80' lang='grc' dir='ltr'>οἰκειοῦνται</span> <span class='ocrx_word' id='word_1_233' title='bbox 1645 3297 1809 3371; x_wconf 80' lang='grc' dir='ltr'>αὐτῷ.</span> 
     </span>
    </p>
   </div>
   <div class='ocr_carea' id='block_1_33' title="bbox 432 3385 2008 3462">
    <p class='ocr_par' dir='ltr' id='par_1_33' title="bbox 432 3385 2008 3462">
     <span class='ocr_line' id='line_1_33' title="bbox 432 3385 2008 3462; baseline 0.001 -21"><span class='ocrx_word' id='word_1_234' title='bbox 432 3411 462 3441; x_wconf 81' lang='grc' dir='ltr'>ι(</span> <span class='ocrx_word' id='word_1_235' title='bbox 492 3385 621 3442; x_wconf 87' lang='grc' dir='ltr'>Κίαν</span> <span class='ocrx_word' id='word_1_236' title='bbox 672 3385 1110 3462; x_wconf 87' lang='grc' dir='ltr'>ἐκραταιώθησαν</span> <span class='ocrx_word' id='word_1_237' title='bbox 1169 3386 1224 3441; x_wconf 87' lang='grc' dir='ltr'>αί</span> <span class='ocrx_word' id='word_1_238' title='bbox 1276 3386 1442 3462; x_wconf 83' lang='grc' dir='ltr'>ἀρχαὶ</span> <span class='ocrx_word' id='word_1_239' title='bbox 1492 3387 1688 3445; x_wconf 79' lang='grc' dir='ltr'>αὐτῶν.</span> <span class='ocrx_word' id='word_1_240' title='bbox 1746 3412 1767 3439; x_wconf 72' lang='grc' dir='ltr'>ι</span> <span class='ocrx_word' id='word_1_241' title='bbox 1818 3421 1887 3431; x_wconf 90' lang='lat'>-—</span> <span class='ocrx_word' id='word_1_242' title='bbox 1942 3389 2008 3444; x_wconf 77' lang='grc' dir='ltr'>Αἱ</span> 
     </span>
    </p>
   </div>
   <div class='ocr_carea' id='block_1_34' title="bbox 359 3474 2010 3551">
    <p class='ocr_par' dir='ltr' id='par_1_34' title="bbox 359 3474 2010 3551">
     <span class='ocr_line' id='line_1_34' title="bbox 359 3474 2010 3551; baseline 0.001 -21"><span class='ocrx_word' id='word_1_243' title='bbox 359 3475 591 3547; x_wconf 81' lang='grc' dir='ltr'>ἐξουσίαι</span> <span class='ocrx_word' id='word_1_244' title='bbox 622 3475 796 3530; x_wconf 75' lang='grc' dir='ltr'>αὐτῶν</span> <span class='ocrx_word' id='word_1_245' title='bbox 840 3474 1111 3549; x_wconf 90' lang='grc' dir='ltr'>κραταιαί·</span> <span class='ocrx_word' id='word_1_246' title='bbox 1161 3475 1638 3551; x_wconf 88' lang='grc' dir='ltr'>κατακυριεύσουσι</span> <span class='ocrx_word' id='word_1_247' title='bbox 1678 3476 1779 3551; x_wconf 81' lang='grc' dir='ltr'>γὰρ</span> <span class='ocrx_word' id='word_1_248' title='bbox 1809 3476 2010 3539; x_wconf 85' lang='grc' dir='ltr'>πάθους</span> 
     </span>
    </p>
   </div>
   <div class='ocr_carea' id='block_1_35' title="bbox 357 3562 2010 3640">
    <p class='ocr_par' dir='ltr' id='par_1_35' title="bbox 357 3562 2010 3640">
     <span class='ocr_line' id='line_1_35' title="bbox 357 3562 2010 3640; baseline 0 -20"><span class='ocrx_word' id='word_1_249' title='bbox 357 3565 559 3627; x_wconf 91' lang='grc' dir='ltr'>παντὸς</span> <span class='ocrx_word' id='word_1_250' title='bbox 589 3564 678 3620; x_wconf 82' lang='grc' dir='ltr'>καὶ</span> <span class='ocrx_word' id='word_1_251' title='bbox 707 3565 843 3619; x_wconf 85' lang='grc' dir='ltr'>κατά</span> <span class='ocrx_word' id='word_1_252' title='bbox 869 3563 1046 3635; x_wconf 84' lang='grc' dir='ltr'>πάσης</span> <span class='ocrx_word' id='word_1_253' title='bbox 1095 3563 1179 3618; x_wconf 81' lang='grc' dir='ltr'>ἀεὶ</span> <span class='ocrx_word' id='word_1_254' title='bbox 1226 3563 1413 3626; x_wconf 85' lang='grc' dir='ltr'>κακίας</span> <span class='ocrx_word' id='word_1_255' title='bbox 1461 3562 1730 3640; x_wconf 76' lang='grc' dir='ltr'>ἐγείρουσι</span> <span class='ocrx_word' id='word_1_256' title='bbox 1776 3564 2010 3640; x_wconf 78' lang='grc' dir='ltr'>τρόπαια</span> 
     </span>
    </p>
   </div>
   <div class='ocr_carea' id='block_1_36' title="bbox 355 3652 1217 3730">
    <p class='ocr_par' dir='ltr' id='par_1_36' title="bbox 355 3652 1217 3730">
     <span class='ocr_line' id='line_1_36' title="bbox 355 3652 1217 3730; baseline 0.001 -22"><span class='ocrx_word' id='word_1_257' title='bbox 355 3657 425 3728; x_wconf 80' lang='grc' dir='ltr'>τῇ</span> <span class='ocrx_word' id='word_1_258' title='bbox 452 3653 658 3730; x_wconf 86' lang='grc' dir='ltr'>ἀμάχῳ</span> <span class='ocrx_word' id='word_1_259' title='bbox 686 3652 842 3730; x_wconf 77' lang='grc' dir='ltr'>ἰσχύϊ</span> <span class='ocrx_word' id='word_1_260' title='bbox 867 3656 967 3723; x_wconf 81' lang='grc' dir='ltr'>τῆς</span> <span class='ocrx_word' id='word_1_261' title='bbox 998 3652 1217 3729; x_wconf 84' lang='grc' dir='ltr'>ἀρετῆς.</span> 
     </span>
    </p>
   </div>
   <div class='ocr_carea' id='block_1_37' title="bbox 430 3740 2010 3819">
    <p class='ocr_par' dir='ltr' id='par_1_37' title="bbox 430 3740 2010 3819">
     <span class='ocr_line' id='line_1_37' title="bbox 430 3740 2010 3819; baseline 0.001 -24"><span class='ocrx_word' id='word_1_262' title='bbox 430 3742 957 3819; x_wconf 88' lang='grc' dir='ltr'>«Ἐξαριθμήσομαι</span> <span class='ocrx_word' id='word_1_263' title='bbox 1005 3740 1219 3814; x_wconf 76' lang='grc' dir='ltr'>αὐτοὺς,</span> <span class='ocrx_word' id='word_1_264' title='bbox 1279 3741 1371 3796; x_wconf 83' lang='grc' dir='ltr'>καὶ</span> <span class='ocrx_word' id='word_1_265' title='bbox 1428 3741 1562 3818; x_wconf 77' lang='grc' dir='ltr'>ὑπὲρ</span> <span class='ocrx_word' id='word_1_266' title='bbox 1621 3740 1805 3816; x_wconf 81' lang='grc' dir='ltr'>ἄμμον</span> <span class='ocrx_word' id='word_1_267' title='bbox 1864 3740 2010 3814; x_wconf 89' lang='grc' dir='ltr'>πλή-</span> 
     </span>
    </p>
   </div>
   <div class='ocr_carea' id='block_1_38' title="bbox 358 3829 2007 3906">
    <p class='ocr_par' dir='ltr' id='par_1_38' title="bbox 358 3829 2007 3906">
     <span class='ocr_line' id='line_1_38' title="bbox 358 3829 2007 3906; baseline 0.001 -21"><span class='ocrx_word' id='word_1_268' title='bbox 358 3832 734 3902; x_wconf 89' lang='grc' dir='ltr'>θυνθήσονται.</span> <span class='ocrx_word' id='word_1_269' title='bbox 768 3855 797 3885; x_wconf 87' lang='grc'><strong>››</strong></span> <span class='ocrx_word' id='word_1_270' title='bbox 828 3864 898 3875; x_wconf 91' lang='grc'><strong><em>-</em></strong></span> <span class='ocrx_word' id='word_1_271' title='bbox 927 3831 1028 3886; x_wconf 82' lang='grc' dir='ltr'>Καὶ</span> <span class='ocrx_word' id='word_1_272' title='bbox 1078 3829 1256 3906; x_wconf 85' lang='grc' dir='ltr'>ὀλίγοι</span> <span class='ocrx_word' id='word_1_273' title='bbox 1304 3834 1384 3903; x_wconf 82' lang='grc' dir='ltr'>τῷ</span> <span class='ocrx_word' id='word_1_274' title='bbox 1426 3835 1580 3903; x_wconf 83' lang='grc' dir='ltr'>ποσῷ</span> <span class='ocrx_word' id='word_1_275' title='bbox 1620 3830 2007 3906; x_wconf 83' lang='grc' dir='ltr'>τυγχάνοντες,</span> 
     </span>
    </p>
   </div>
   <div class='ocr_carea' id='block_1_39' title="bbox 357 3917 2006 3997">
    <p class='ocr_par' dir='ltr' id='par_1_39' title="bbox 357 3917 2006 3997">
     <span class='ocr_line' id='line_1_39' title="bbox 357 3917 2006 3997; baseline 0.001 -22"><span class='ocrx_word' id='word_1_276' title='bbox 357 3919 786 3997; x_wconf 80' lang='grc' dir='ltr'>ἀπειροπληθεῖς</span> <span class='ocrx_word' id='word_1_277' title='bbox 817 3919 942 3994; x_wconf 80' lang='grc' dir='ltr'>ἐμοὶ</span> <span class='ocrx_word' id='word_1_278' title='bbox 967 3922 1342 3990; x_wconf 83' lang='grc' dir='ltr'>καθεστήκασι·</span> <span class='ocrx_word' id='word_1_279' title='bbox 1374 3917 1583 3975; x_wconf 72' lang='grc' dir='ltr'>πολλαὶ</span> <span class='ocrx_word' id='word_1_280' title='bbox 1612 3922 1717 3997; x_wconf 80' lang='grc' dir='ltr'>γὰρ</span> <span class='ocrx_word' id='word_1_281' title='bbox 1752 3918 2006 3997; x_wconf 85' lang='grc' dir='ltr'>μυριάδες</span> 
     </span>
    </p>
   </div>
   <div class='ocr_carea' id='block_1_40' title="bbox 357 4008 1288 4080">
    <p class='ocr_par' dir='ltr' id='par_1_40' title="bbox 357 4008 1288 4080">
     <span class='ocr_line' id='line_1_40' title="bbox 357 4008 1288 4080; baseline -0.002 -15"><span class='ocrx_word' id='word_1_282' title='bbox 357 4009 459 4066; x_wconf 85' lang='grc' dir='ltr'>οὐκ</span> <span class='ocrx_word' id='word_1_283' title='bbox 487 4009 617 4065; x_wconf 85' lang='grc' dir='ltr'>εἰσὶν</span> <span class='ocrx_word' id='word_1_284' title='bbox 650 4008 763 4073; x_wconf 88' lang='grc' dir='ltr'>ἐνὸς</span> <span class='ocrx_word' id='word_1_285' title='bbox 790 4010 998 4065; x_wconf 90' lang='grc' dir='ltr'>τούτων</span> <span class='ocrx_word' id='word_1_286' title='bbox 1030 4009 1288 4080; x_wconf 83' lang='grc' dir='ltr'>ἀντάξιαι.</span> 
     </span>
    </p>
   </div>
   <div class='ocr_carea' id='block_1_41' title="bbox 426 4096 2008 4176">
    <p class='ocr_par' dir='ltr' id='par_1_41' title="bbox 426 4096 2008 4176">
     <span class='ocr_line' id='line_1_41' title="bbox 426 4096 2008 4176; baseline 0.003 -24"><span class='ocrx_word' id='word_1_287' title='bbox 426 4124 457 4152; x_wconf 86' lang='grc'><strong>‹‹</strong></span> <span class='ocrx_word' id='word_1_288' title='bbox 489 4098 821 4176; x_wconf 80' lang='grc' dir='ltr'>Ἐξηγέρθην</span> <span class='ocrx_word' id='word_1_289' title='bbox 868 4098 958 4154; x_wconf 80' lang='grc' dir='ltr'>καὶ</span> <span class='ocrx_word' id='word_1_290' title='bbox 1007 4096 1086 4153; x_wconf 82' lang='grc' dir='ltr'>ἔτι</span> <span class='ocrx_word' id='word_1_291' title='bbox 1134 4098 1249 4172; x_wconf 82' lang='grc' dir='ltr'>είμὶ</span> <span class='ocrx_word' id='word_1_292' title='bbox 1310 4098 1444 4171; x_wconf 84' lang='grc' dir='ltr'>μετά</span> <span class='ocrx_word' id='word_1_293' title='bbox 1492 4102 1606 4154; x_wconf 89' lang='grc' dir='ltr'>σοῦ.</span> <span class='ocrx_word' id='word_1_294' title='bbox 1636 4122 1666 4152; x_wconf 84' lang='grc'><strong>››</strong></span> <span class='ocrx_word' id='word_1_295' title='bbox 1707 4131 1777 4143; x_wconf 81' lang='lat'>—-</span> <span class='ocrx_word' id='word_1_296' title='bbox 1808 4099 2008 4171; x_wconf 86' lang='grc' dir='ltr'>Ἐξανέ-</span> 
     </span>
    </p>
   </div>
   <div class='ocr_carea' id='block_1_42' title="bbox 353 4188 2008 4265">
    <p class='ocr_par' dir='ltr' id='par_1_42' title="bbox 353 4188 2008 4265">
     <span class='ocr_line' id='line_1_42' title="bbox 353 4188 2008 4265; baseline 0.002 -23"><span class='ocrx_word' id='word_1_297' title='bbox 353 4208 484 4258; x_wconf 88' lang='grc' dir='ltr'>στην</span> <span class='ocrx_word' id='word_1_298' title='bbox 544 4194 646 4258; x_wconf 86' lang='grc' dir='ltr'>τῆς</span> <span class='ocrx_word' id='word_1_299' title='bbox 702 4192 809 4243; x_wconf 90' lang='grc' dir='ltr'>τῶν</span> <span class='ocrx_word' id='word_1_300' title='bbox 882 4191 1175 4265; x_wconf 88' lang='grc' dir='ltr'>συμφορῶν</span> <span class='ocrx_word' id='word_1_301' title='bbox 1250 4188 1646 4249; x_wconf 87' lang='grc' dir='ltr'>καταπτώσεως</span> <span class='ocrx_word' id='word_1_302' title='bbox 1678 4233 1693 4260; x_wconf 86' lang='grc'>,</span> <span class='ocrx_word' id='word_1_303' title='bbox 1751 4188 1842 4244; x_wconf 83' lang='grc' dir='ltr'>καὶ</span> <span class='ocrx_word' id='word_1_304' title='bbox 1908 4190 2008 4245; x_wconf 84' lang='grc' dir='ltr'>οὐκ</span> 
     </span>
    </p>
   </div>
   <div class='ocr_carea' id='block_1_43' title="bbox 354 4275 2007 4355">
    <p class='ocr_par' dir='ltr' id='par_1_43' title="bbox 354 4275 2007 4355">
     <span class='ocr_line' id='line_1_43' title="bbox 354 4275 2007 4355; baseline 0 -23"><span class='ocrx_word' id='word_1_305' title='bbox 354 4276 589 4347; x_wconf 85' lang='grc' dir='ltr'>ἀπέστην</span> <span class='ocrx_word' id='word_1_306' title='bbox 638 4283 738 4347; x_wconf 81' lang='grc' dir='ltr'>τῆς</span> <span class='ocrx_word' id='word_1_307' title='bbox 789 4278 984 4354; x_wconf 81' lang='grc' dir='ltr'>ἀρετῆς</span> <span class='ocrx_word' id='word_1_308' title='bbox 1019 4322 1033 4349; x_wconf 92' lang='grc'>,</span> <span class='ocrx_word' id='word_1_309' title='bbox 1084 4275 1218 4354; x_wconf 80' lang='grc' dir='ltr'>ὅπερ</span> <span class='ocrx_word' id='word_1_310' title='bbox 1271 4275 1572 4352; x_wconf 85' lang='grc' dir='ltr'>πάσχουσιν</span> <span class='ocrx_word' id='word_1_311' title='bbox 1631 4276 1683 4332; x_wconf 84' lang='grc' dir='ltr'>ἐν</span> <span class='ocrx_word' id='word_1_312' title='bbox 1743 4277 2007 4355; x_wconf 82' lang='grc' dir='ltr'>εὐημερίᾳ</span> 
     </span>
    </p>
   </div>
   <div class='ocr_carea' id='block_1_44' title="bbox 354 4364 568 4440">
    <p class='ocr_par' dir='ltr' id='par_1_44' title="bbox 354 4364 568 4440">
     <span class='ocr_line' id='line_1_44' title="bbox 354 4364 568 4440; baseline 0.009 -19"><span class='ocrx_word' id='word_1_313' title='bbox 354 4364 545 4440; x_wconf 81' lang='grc' dir='ltr'>πολλῇ</span> <span class='ocrx_word' id='word_1_314' title='bbox 555 4411 568 4423; x_wconf 93' lang='grc'>.</span> 
     </span>
    </p>
   </div>
   <div class='ocr_carea' id='block_1_45' title="bbox 430 4454 2006 4532">
    <p class='ocr_par' dir='ltr' id='par_1_45' title="bbox 430 4454 2006 4532">
     <span class='ocr_line' id='line_1_45' title="bbox 430 4454 2006 4532; baseline 0.002 -24"><span class='ocrx_word' id='word_1_315' title='bbox 430 4480 461 4508; x_wconf 73' lang='grc' dir='ltr'>ι(</span> <span class='ocrx_word' id='word_1_316' title='bbox 495 4457 616 4511; x_wconf 80' lang='grc' dir='ltr'>Ἐάν</span> <span class='ocrx_word' id='word_1_317' title='bbox 646 4454 961 4531; x_wconf 75' lang='grc' dir='ltr'>ἀποκτείνῃς</span> <span class='ocrx_word' id='word_1_318' title='bbox 1010 4454 1396 4530; x_wconf 82' lang='grc' dir='ltr'>αμαρτωλοὺς,</span> <span class='ocrx_word' id='word_1_319' title='bbox 1427 4455 1455 4509; x_wconf 91' lang='lat'>6</span> <span class='ocrx_word' id='word_1_320' title='bbox 1486 4455 1635 4517; x_wconf 91' lang='grc' dir='ltr'>Θεός.</span> <span class='ocrx_word' id='word_1_321' title='bbox 1669 4478 1695 4509; x_wconf 78' lang='grc' dir='ltr'>ι)</span> <span class='ocrx_word' id='word_1_322' title='bbox 1731 4489 1798 4500; x_wconf 92' lang='grc'><strong>-</strong></span> <span class='ocrx_word' id='word_1_323' title='bbox 1828 4462 2006 4532; x_wconf 90' lang='grc' dir='ltr'>Προσ-</span> 
     </span>
    </p>
   </div>
   <div class='ocr_carea' id='block_1_46' title="bbox 358 4541 2001 4621">
    <p class='ocr_par' dir='ltr' id='par_1_46' title="bbox 358 4541 2001 4621">
     <span class='ocr_line' id='line_1_46' title="bbox 358 4541 2001 4621; baseline -0.001 -21"><span class='ocrx_word' id='word_1_324' title='bbox 358 4545 722 4601; x_wconf 80' lang='grc' dir='ltr'>υπακουστέον</span> <span class='ocrx_word' id='word_1_325' title='bbox 748 4546 813 4601; x_wconf 90' lang='grc' dir='ltr'>τὸ</span> <span class='ocrx_word' id='word_1_326' title='bbox 843 4543 899 4600; x_wconf 75' lang='grc' dir='ltr'>εὖ</span> <span class='ocrx_word' id='word_1_327' title='bbox 920 4542 1056 4621; x_wconf 84' lang='grc' dir='ltr'>ἔχει.</span> <span class='ocrx_word' id='word_1_328' title='bbox 1088 4545 1241 4599; x_wconf 76' lang='grc' dir='ltr'>Αἲτεῖ</span> <span class='ocrx_word' id='word_1_329' title='bbox 1270 4541 1327 4599; x_wconf 74' lang='grc' dir='ltr'>δὲ</span> <span class='ocrx_word' id='word_1_330' title='bbox 1356 4544 1418 4599; x_wconf 89' lang='grc' dir='ltr'>οὐ</span> <span class='ocrx_word' id='word_1_331' title='bbox 1440 4545 1539 4613; x_wconf 85' lang='grc' dir='ltr'>τήν</span> <span class='ocrx_word' id='word_1_332' title='bbox 1569 4546 1675 4599; x_wconf 91' lang='grc' dir='ltr'>τῶν</span> <span class='ocrx_word' id='word_1_333' title='bbox 1705 4544 2001 4621; x_wconf 91' lang='grc' dir='ltr'>ἀνθρώπων</span> 
     </span>
    </p>
   </div>
   <div class='ocr_carea' id='block_1_47' title="bbox 358 4631 1556 4713">
    <p class='ocr_par' dir='ltr' id='par_1_47' title="bbox 358 4631 1556 4713">
     <span class='ocr_line' id='line_1_47' title="bbox 358 4631 1556 4713; baseline -0.002 -23"><span class='ocrx_word' id='word_1_334' title='bbox 358 4633 578 4713; x_wconf 85' lang='grc' dir='ltr'>φθορὰν,</span> <span class='ocrx_word' id='word_1_335' title='bbox 612 4633 761 4689; x_wconf 78' lang='grc' dir='ltr'>ἀλλὰ</span> <span class='ocrx_word' id='word_1_336' title='bbox 784 4634 885 4704; x_wconf 83' lang='grc' dir='ltr'>τὴν</span> <span class='ocrx_word' id='word_1_337' title='bbox 916 4640 1017 4703; x_wconf 83' lang='grc' dir='ltr'>τῆς</span> <span class='ocrx_word' id='word_1_338' title='bbox 1046 4631 1236 4696; x_wconf 84' lang='grc' dir='ltr'>κακίας</span> <span class='ocrx_word' id='word_1_339' title='bbox 1268 4631 1556 4709; x_wconf 88' lang='grc' dir='ltr'>ἀναίρεσιν.</span> 
     </span>
    </p>
   </div>
   <div class='ocr_carea' id='block_1_48' title="bbox 433 4720 2003 4798">
    <p class='ocr_par' dir='ltr' id='par_1_48' title="bbox 433 4720 2003 4798">
     <span class='ocr_line' id='line_1_48' title="bbox 433 4720 2003 4798; baseline 0 -20"><span class='ocrx_word' id='word_1_340' title='bbox 433 4748 458 4778; x_wconf 75' lang='grc' dir='ltr'>α</span> <span class='ocrx_word' id='word_1_341' title='bbox 494 4720 719 4796; x_wconf 72' lang='grc' dir='ltr'>’Ἄνδρες</span> <span class='ocrx_word' id='word_1_342' title='bbox 748 4721 1019 4797; x_wconf 78' lang='grc' dir='ltr'>αἱμάτων,</span> <span class='ocrx_word' id='word_1_343' title='bbox 1050 4720 1330 4778; x_wconf 89' lang='grc' dir='ltr'>ἐκκλίνατε</span> <span class='ocrx_word' id='word_1_344' title='bbox 1362 4722 1451 4776; x_wconf 84' lang='grc' dir='ltr'>ἀπ’</span> <span class='ocrx_word' id='word_1_345' title='bbox 1482 4721 1639 4795; x_wconf 76' lang='grc' dir='ltr'>ἐμοῦ,</span> <span class='ocrx_word' id='word_1_346' title='bbox 1674 4720 1755 4777; x_wconf 79' lang='lat'>6&#39;1:</span> <span class='ocrx_word' id='word_1_347' title='bbox 1801 4721 2003 4798; x_wconf 88' lang='grc' dir='ltr'>ἐρισταί</span> 
     </span>
    </p>
   </div>
   <div class='ocr_carea' id='block_1_49' title="bbox 358 4807 2001 4888">
    <p class='ocr_par' dir='ltr' id='par_1_49' title="bbox 358 4807 2001 4888">
     <span class='ocr_line' id='line_1_49' title="bbox 358 4807 2001 4888; baseline -0.002 -20"><span class='ocrx_word' id='word_1_348' title='bbox 358 4812 478 4868; x_wconf 88' lang='grc' dir='ltr'>ἐστε</span> <span class='ocrx_word' id='word_1_349' title='bbox 508 4813 584 4875; x_wconf 82' lang='grc' dir='ltr'>εἷς</span> <span class='ocrx_word' id='word_1_350' title='bbox 617 4808 1003 4888; x_wconf 85' lang='grc' dir='ltr'>διαλογισμόν.</span> <span class='ocrx_word' id='word_1_351' title='bbox 1036 4835 1063 4863; x_wconf 87' lang='grc'><strong>››</strong></span> <span class='ocrx_word' id='word_1_352' title='bbox 1092 4844 1161 4854; x_wconf 91' lang='lat'><strong><em>—</em></strong></span> <span class='ocrx_word' id='word_1_353' title='bbox 1200 4813 1319 4866; x_wconf 87' lang='grc' dir='ltr'>Ὅτι</span> <span class='ocrx_word' id='word_1_354' title='bbox 1365 4807 1545 4886; x_wconf 81' lang='grc' dir='ltr'>ἔριδας</span> <span class='ocrx_word' id='word_1_355' title='bbox 1574 4810 1665 4865; x_wconf 85' lang='grc' dir='ltr'>καὶ</span> <span class='ocrx_word' id='word_1_356' title='bbox 1710 4811 1892 4887; x_wconf 86' lang='grc' dir='ltr'>μάχας</span> <span class='ocrx_word' id='word_1_357' title='bbox 1920 4811 2001 4868; x_wconf 80' lang='grc' dir='ltr'>ἀεὶ</span> 
     </span>
    </p>
   </div>
   <div class='ocr_carea' id='block_1_50' title="bbox 355 4899 1161 4977">
    <p class='ocr_par' dir='ltr' id='par_1_50' title="bbox 355 4899 1161 4977">
     <span class='ocr_line' id='line_1_50' title="bbox 355 4899 1161 4977; baseline 0.001 -21"><span class='ocrx_word' id='word_1_358' title='bbox 355 4899 731 4977; x_wconf 84' lang='grc' dir='ltr'>διαλογίζεσθε</span> <span class='ocrx_word' id='word_1_359' title='bbox 758 4901 848 4956; x_wconf 81' lang='grc' dir='ltr'>καὶ</span> <span class='ocrx_word' id='word_1_360' title='bbox 884 4899 1161 4974; x_wconf 80' lang='grc' dir='ltr'>μελετᾶτε.</span> 
     </span>
    </p>
   </div>
   <div class='ocr_carea' id='block_1_51' title="bbox 426 4985 2003 5065">
    <p class='ocr_par' dir='ltr' id='par_1_51' title="bbox 426 4985 2003 5065">
     <span class='ocr_line' id='line_1_51' title="bbox 426 4985 2003 5065; baseline -0.001 -23"><span class='ocrx_word' id='word_1_361' title='bbox 426 5014 456 5043; x_wconf 90' lang='grc'>‹‹</span> <span class='ocrx_word' id='word_1_362' title='bbox 489 4992 768 5065; x_wconf 85' lang='grc' dir='ltr'>Λήψονται</span> <span class='ocrx_word' id='word_1_363' title='bbox 821 4989 899 5052; x_wconf 83' lang='grc' dir='ltr'>εἷς</span> <span class='ocrx_word' id='word_1_364' title='bbox 950 4988 1287 5062; x_wconf 89' lang='grc' dir='ltr'>ματαιότητα</span> <span class='ocrx_word' id='word_1_365' title='bbox 1326 4988 1424 5050; x_wconf 78' lang='grc' dir='ltr'>τὰς</span> <span class='ocrx_word' id='word_1_366' title='bbox 1468 4985 1659 5050; x_wconf 84' lang='grc' dir='ltr'>πόλεις</span> <span class='ocrx_word' id='word_1_367' title='bbox 1710 5009 1827 5045; x_wconf 91' lang='grc' dir='ltr'>σου.</span> <span class='ocrx_word' id='word_1_368' title='bbox 1875 5013 1905 5041; x_wconf 82' lang='grc'><strong>››</strong></span> <span class='ocrx_word' id='word_1_369' title='bbox 1931 5023 2003 5033; x_wconf 91' lang='grc'><strong><em>-</em></strong></span> 
     </span>
    </p>
   </div>
   <div class='ocr_carea' id='block_1_52' title="bbox 355 5075 1999 5154">
    <p class='ocr_par' dir='ltr' id='par_1_52' title="bbox 355 5075 1999 5154">
     <span class='ocr_line' id='line_1_52' title="bbox 355 5075 1999 5154; baseline 0 -20"><span class='ocrx_word' id='word_1_370' title='bbox 355 5079 678 5150; x_wconf 84' lang='grc' dir='ltr'>Οἷκήσουσιν</span> <span class='ocrx_word' id='word_1_371' title='bbox 714 5125 732 5153; x_wconf 80' lang='grc'>,</span> <span class='ocrx_word' id='word_1_372' title='bbox 788 5080 834 5134; x_wconf 81' lang='grc' dir='ltr'>ὦ</span> <span class='ocrx_word' id='word_1_373' title='bbox 891 5077 1099 5154; x_wconf 86' lang='grc' dir='ltr'>Κύριε,</span> <span class='ocrx_word' id='word_1_374' title='bbox 1164 5076 1336 5151; x_wconf 91' lang='grc' dir='ltr'>μάτην</span> <span class='ocrx_word' id='word_1_375' title='bbox 1391 5075 1487 5139; x_wconf 81' lang='grc' dir='ltr'>τὰς</span> <span class='ocrx_word' id='word_1_376' title='bbox 1554 5076 1742 5139; x_wconf 89' lang='grc' dir='ltr'>πόλεις</span> <span class='ocrx_word' id='word_1_377' title='bbox 1800 5099 1895 5133; x_wconf 92' lang='grc' dir='ltr'>σου</span> <span class='ocrx_word' id='word_1_378' title='bbox 1948 5081 1999 5134; x_wconf 75' lang='grc' dir='ltr'>οἳ</span> 
     </span>
    </p>
   </div>
   <div class='ocr_carea' id='block_1_53' title="bbox 352 5164 2000 5242">
    <p class='ocr_par' dir='ltr' id='par_1_53' title="bbox 352 5164 2000 5242">
     <span class='ocr_line' id='line_1_53' title="bbox 352 5164 2000 5242; baseline 0.001 -21"><span class='ocrx_word' id='word_1_379' title='bbox 352 5171 617 5239; x_wconf 87' lang='grc' dir='ltr'>τοιοῦτοι,</span> <span class='ocrx_word' id='word_1_380' title='bbox 652 5170 901 5241; x_wconf 74' lang='grc' dir='ltr'>μένοντες</span> <span class='ocrx_word' id='word_1_381' title='bbox 934 5166 1011 5230; x_wconf 76' lang='grc' dir='ltr'>εἷς</span> <span class='ocrx_word' id='word_1_382' title='bbox 1041 5165 1236 5242; x_wconf 75' lang='grc' dir='ltr'>ἀρετὴν</span> <span class='ocrx_word' id='word_1_383' title='bbox 1285 5166 1538 5241; x_wconf 79' lang='grc' dir='ltr'>ἄκαρποι.</span> <span class='ocrx_word' id='word_1_384' title='bbox 1570 5171 1721 5221; x_wconf 85' lang='grc' dir='ltr'>Πᾶσα</span> <span class='ocrx_word' id='word_1_385' title='bbox 1750 5164 1807 5221; x_wconf 77' lang='grc' dir='ltr'>δὲ</span> <span class='ocrx_word' id='word_1_386' title='bbox 1836 5167 2000 5232; x_wconf 90' lang='grc' dir='ltr'>πόλις</span> 
     </span>
    </p>
   </div>
   <div class='ocr_carea' id='block_1_54' title="bbox 352 5256 1326 5333">
    <p class='ocr_par' dir='ltr' id='par_1_54' title="bbox 352 5256 1326 5333">
     <span class='ocr_line' id='line_1_54' title="bbox 352 5256 1326 5333; baseline -0.002 -22"><span class='ocrx_word' id='word_1_387' title='bbox 352 5260 451 5311; x_wconf 87' lang='grc' dir='ltr'>τοῦ</span> <span class='ocrx_word' id='word_1_388' title='bbox 482 5257 700 5333; x_wconf 83' lang='grc' dir='ltr'>Κυρίου,</span> <span class='ocrx_word' id='word_1_389' title='bbox 735 5256 849 5312; x_wconf 81' lang='grc' dir='ltr'>ἐπεὶ</span> <span class='ocrx_word' id='word_1_390' title='bbox 878 5256 969 5311; x_wconf 87' lang='grc' dir='ltr'>καὶ</span> <span class='ocrx_word' id='word_1_391' title='bbox 997 5261 1144 5311; x_wconf 87' lang='grc' dir='ltr'>πᾶσα</span> <span class='ocrx_word' id='word_1_392' title='bbox 1170 5256 1205 5324; x_wconf 71' lang='grc' dir='ltr'>ἡ</span> <span class='ocrx_word' id='word_1_393' title='bbox 1231 5261 1326 5330; x_wconf 87' lang='grc' dir='ltr'>γῆ.</span> 
     </span>
    </p>
   </div>
   <div class='ocr_carea' id='block_1_55' title="bbox 426 5341 2001 5420">
    <p class='ocr_par' dir='ltr' id='par_1_55' title="bbox 426 5341 2001 5420">
     <span class='ocr_line' id='line_1_55' title="bbox 426 5341 2001 5420; baseline 0.002 -22"><span class='ocrx_word' id='word_1_394' title='bbox 426 5369 455 5397; x_wconf 91' lang='grc'>‹‹</span> <span class='ocrx_word' id='word_1_395' title='bbox 484 5344 581 5399; x_wconf 86' lang='grc' dir='ltr'>Καὶ</span> <span class='ocrx_word' id='word_1_396' title='bbox 631 5343 718 5399; x_wconf 82' lang='grc' dir='ltr'>ἐπὶ</span> <span class='ocrx_word' id='word_1_397' title='bbox 769 5351 886 5407; x_wconf 89' lang='grc' dir='ltr'>τοῖς</span> <span class='ocrx_word' id='word_1_398' title='bbox 939 5343 1159 5420; x_wconf 86' lang='grc' dir='ltr'>ἐχθροῖς</span> <span class='ocrx_word' id='word_1_399' title='bbox 1203 5364 1298 5398; x_wconf 91' lang='grc' dir='ltr'>σου</span> <span class='ocrx_word' id='word_1_400' title='bbox 1347 5341 1698 5417; x_wconf 79' lang='grc' dir='ltr'>ἐξετηκόμην.</span> <span class='ocrx_word' id='word_1_401' title='bbox 1733 5379 1799 5389; x_wconf 95' lang='grc'><strong>-</strong></span> <span class='ocrx_word' id='word_1_402' title='bbox 1852 5343 2001 5401; x_wconf 88' lang='grc' dir='ltr'>Ἐδα-</span> 
     </span>
    </p>
   </div>
   <div class='ocr_carea' id='block_1_56' title="bbox 356 5430 1820 5509">
    <p class='ocr_par' dir='ltr' id='par_1_56' title="bbox 356 5430 1820 5509">
     <span class='ocr_line' id='line_1_56' title="bbox 356 5430 1820 5509; baseline 0 -20"><span class='ocrx_word' id='word_1_403' title='bbox 356 5438 614 5507; x_wconf 88' lang='grc' dir='ltr'>πανῶμεν</span> <span class='ocrx_word' id='word_1_404' title='bbox 643 5437 723 5505; x_wconf 78' lang='grc' dir='ltr'>τῷ</span> <span class='ocrx_word' id='word_1_405' title='bbox 747 5432 880 5509; x_wconf 74' lang='grc' dir='ltr'>πυρὶ</span> <span class='ocrx_word' id='word_1_406' title='bbox 906 5438 1004 5489; x_wconf 93' lang='grc' dir='ltr'>τοῦ</span> <span class='ocrx_word' id='word_1_407' title='bbox 1032 5435 1147 5488; x_wconf 83' lang='grc' dir='ltr'>κατ’</span> <span class='ocrx_word' id='word_1_408' title='bbox 1177 5436 1351 5487; x_wconf 89' lang='grc' dir='ltr'>αῦτῶν</span> <span class='ocrx_word' id='word_1_409' title='bbox 1385 5430 1596 5487; x_wconf 90' lang='grc' dir='ltr'>δικαιου</span> <span class='ocrx_word' id='word_1_410' title='bbox 1626 5435 1820 5508; x_wconf 90' lang='grc' dir='ltr'>θυμοῦ.</span> 
     </span>
    </p>
   </div>
   <div class='ocr_carea' id='block_1_57' title="bbox 429 5538 1996 5617">
    <p class='ocr_par' dir='ltr' id='par_1_57' title="bbox 429 5538 1996 5617">
     <span class='ocr_line' id='line_1_57' title="bbox 429 5538 1996 5617; baseline 0.002 -24"><span class='ocrx_word' id='word_1_411' title='bbox 429 5566 457 5593; x_wconf 89' lang='grc'>‹‹</span> <span class='ocrx_word' id='word_1_412' title='bbox 492 5539 792 5613; x_wconf 80' lang='grc' dir='ltr'>Δοκίμασόν</span> <span class='ocrx_word' id='word_1_413' title='bbox 860 5562 944 5613; x_wconf 88' lang='grc' dir='ltr'>με,</span> <span class='ocrx_word' id='word_1_414' title='bbox 1003 5542 1031 5594; x_wconf 90' lang='lat'>6</span> <span class='ocrx_word' id='word_1_415' title='bbox 1088 5539 1238 5605; x_wconf 86' lang='grc' dir='ltr'>Θεὸς,</span> <span class='ocrx_word' id='word_1_416' title='bbox 1296 5538 1385 5593; x_wconf 88' lang='grc' dir='ltr'>καὶ</span> <span class='ocrx_word' id='word_1_417' title='bbox 1434 5540 1599 5613; x_wconf 82' lang='grc' dir='ltr'>γνῶθι</span> <span class='ocrx_word' id='word_1_418' title='bbox 1640 5541 1740 5609; x_wconf 79' lang='grc' dir='ltr'>τὴν</span> <span class='ocrx_word' id='word_1_419' title='bbox 1775 5539 1996 5617; x_wconf 70' lang='grc' dir='ltr'>καρδίαν</span> 
     </span>
    </p>
   </div>
   <div class='ocr_carea' id='block_1_58' title="bbox 362 5622 1999 5706">
    <p class='ocr_par' dir='ltr' id='par_1_58' title="bbox 362 5622 1999 5706">
     <span class='ocr_line' id='line_1_58' title="bbox 362 5622 1999 5706; baseline -0.002 -21"><span class='ocrx_word' id='word_1_420' title='bbox 362 5651 466 5706; x_wconf 90' lang='grc' dir='ltr'>μου</span> <span class='ocrx_word' id='word_1_421' title='bbox 499 5650 512 5663; x_wconf 95' lang='grc'>·</span> <span class='ocrx_word' id='word_1_422' title='bbox 574 5626 758 5684; x_wconf 78' lang='grc' dir='ltr'>ἔτασόν</span> <span class='ocrx_word' id='word_1_423' title='bbox 817 5649 904 5700; x_wconf 85' lang='grc' dir='ltr'>με,</span> <span class='ocrx_word' id='word_1_424' title='bbox 961 5628 1051 5682; x_wconf 89' lang='grc' dir='ltr'>καὶ</span> <span class='ocrx_word' id='word_1_425' title='bbox 1101 5629 1266 5705; x_wconf 83' lang='grc' dir='ltr'>γνῶθι</span> <span class='ocrx_word' id='word_1_426' title='bbox 1317 5628 1412 5688; x_wconf 79' lang='grc' dir='ltr'>τὰς</span> <span class='ocrx_word' id='word_1_427' title='bbox 1470 5622 1690 5703; x_wconf 89' lang='grc' dir='ltr'>τρίϐους</span> <span class='ocrx_word' id='word_1_428' title='bbox 1752 5651 1854 5703; x_wconf 84' lang='grc' dir='ltr'>μου</span> <span class='ocrx_word' id='word_1_429' title='bbox 1894 5674 1908 5687; x_wconf 91' lang='grc'>.</span> <span class='ocrx_word' id='word_1_430' title='bbox 1969 5655 1999 5683; x_wconf 81' lang='grc'><strong>››</strong></span> 
     </span>
    </p>
   </div>
   <div class='ocr_carea' id='block_1_59' title="bbox 360 5713 1996 5800">
    <p class='ocr_par' dir='ltr' id='par_1_59' title="bbox 360 5713 1996 5800">
     <span class='ocr_line' id='line_1_59' title="bbox 360 5713 1996 5800; baseline 0.002 -28"><span class='ocrx_word' id='word_1_431' title='bbox 360 5751 432 5800; x_wconf 54' lang='grc' dir='ltr'>τ-</span> <span class='ocrx_word' id='word_1_432' title='bbox 487 5720 615 5777; x_wconf 83' lang='grc' dir='ltr'>Κατ⁹</span> <span class='ocrx_word' id='word_1_433' title='bbox 671 5715 844 5799; x_wconf 83' lang='grc' dir='ltr'>ἀρχὰς</span> <span class='ocrx_word' id='word_1_434' title='bbox 902 5717 1066 5773; x_wconf 78' lang='grc' dir='ltr'>εὶπὼν</span> <span class='ocrx_word' id='word_1_435' title='bbox 1123 5715 1260 5792; x_wconf 86' lang='grc' dir='ltr'>πρὸς</span> <span class='ocrx_word' id='word_1_436' title='bbox 1316 5716 1442 5773; x_wconf 85' lang='grc' dir='ltr'>Θεὸν</span> <span class='ocrx_word' id='word_1_437' title='bbox 1491 5713 1851 5793; x_wconf 85' lang='grc' dir='ltr'>Ἐδοκίμασάς</span> <span class='ocrx_word' id='word_1_438' title='bbox 1911 5742 1996 5798; x_wconf 85' lang='grc' dir='ltr'>με,</span> 
     </span>
    </p>
   </div>
   <div class='ocr_carea' id='block_1_60' title="bbox 1646 393 2553 460">
    <p class='ocr_par' dir='ltr' id='par_1_60' title="bbox 1646 393 2553 460">
     <span class='ocr_line' id='line_1_60' title="bbox 1646 393 2553 460; baseline 0.004 -4"><span class='ocrx_word' id='word_1_439' title='bbox 1646 393 2070 459; x_wconf 81' lang='lat' dir='ltr'>NICEPHORI</span> <span class='ocrx_word' id='word_1_440' title='bbox 2115 394 2553 460; x_wconf 62' lang='lat' dir='ltr'>BLEMMIDxE</span> 
     </span>
    </p>
   </div>
   <div class='ocr_carea' id='block_1_61' title="bbox 393 516 3771 603">
    <p class='ocr_par' dir='ltr' id='par_1_61' title="bbox 393 516 3771 603">
     <span class='ocr_line' id='line_1_61' title="bbox 393 516 3771 603; baseline 0.001 -27"><span class='ocrx_word' id='word_1_441' title='bbox 393 516 505 583; x_wconf 85' lang='grc' dir='ltr'>ϐῶς</span> <span class='ocrx_word' id='word_1_442' title='bbox 532 523 622 577; x_wconf 86' lang='grc' dir='ltr'>καὶ</span> <span class='ocrx_word' id='word_1_443' title='bbox 649 521 778 584; x_wconf 81' lang='grc' dir='ltr'>τοὺς</span> <span class='ocrx_word' id='word_1_444' title='bbox 804 528 907 592; x_wconf 85' lang='grc' dir='ltr'>τῆς</span> <span class='ocrx_word' id='word_1_445' title='bbox 936 522 1261 596; x_wconf 83' lang='grc' dir='ltr'>συμπήξεώς</span> <span class='ocrx_word' id='word_1_446' title='bbox 1288 545 1393 597; x_wconf 91' lang='grc' dir='ltr'>μου</span> <span class='ocrx_word' id='word_1_447' title='bbox 1420 521 1759 601; x_wconf 75' lang='grc' dir='ltr'>λόγους,.καὶ</span> <span class='ocrx_word' id='word_1_448' title='bbox 1784 523 1917 588; x_wconf 74' lang='grc' dir='ltr'>τοὺς</span> <span class='ocrx_word' id='word_1_449' title='bbox 1944 532 2044 595; x_wconf 88' lang='grc' dir='ltr'>τῆς</span> <span class='ocrx_word' id='word_1_450' title='bbox 2074 533 2120 600; x_wconf 81' lang='grc' dir='ltr'>Α</span> <span class='ocrx_word' id='word_1_451' title='bbox 2158 523 2324 602; x_wconf 78' lang='grc' dir='ltr'>ἔγνως</span> <span class='ocrx_word' id='word_1_452' title='bbox 2358 549 2444 599; x_wconf 88' lang='grc' dir='ltr'>με,</span> <span class='ocrx_word' id='word_1_453' title='bbox 2477 531 2594 590; x_wconf 85' lang='grc' dir='ltr'>πῶς</span> <span class='ocrx_word' id='word_1_454' title='bbox 2636 523 2801 581; x_wconf 91' lang='grc' dir='ltr'>πάλιν</span> <span class='ocrx_word' id='word_1_455' title='bbox 2859 523 3013 603; x_wconf 73' lang='grc' dir='ltr'>φησῖ,</span> <span class='ocrx_word' id='word_1_456' title='bbox 3047 523 3345 598; x_wconf 62' lang='grc' dir='ltr'>Δεκίμασόν</span> <span class='ocrx_word' id='word_1_457' title='bbox 3377 545 3442 598; x_wconf 87' lang='grc' dir='ltr'>με</span> <span class='ocrx_word' id='word_1_458' title='bbox 3485 524 3573 580; x_wconf 81' lang='grc' dir='ltr'>καὶ</span> <span class='ocrx_word' id='word_1_459' title='bbox 3617 528 3771 601; x_wconf 81' lang='grc' dir='ltr'>γνῶθι</span> 
     </span>
    </p>
   </div>
   <div class='ocr_carea' id='block_1_62' title="bbox 3654 70 3914 1237">
    <p class='ocr_par' dir='ltr' id='par_1_62' title="bbox 3654 395 3771 581">
     <span class='ocr_line' id='line_1_62' title="bbox 3654 395 3771 460; baseline 0.017 -2"><span class='ocrx_word' id='word_1_460' title='bbox 3654 395 3771 460; x_wconf 58' lang='lat' dir='ltr'>Bm</span> 
     </span>
     <span class='ocr_line' id='line_1_63' title="bbox 3654 528 3771 581; baseline -0.009 0"><span class='ocrx_word' id='word_1_461' title='bbox 3654 528 3771 581; x_wconf 83' lang='grc' dir='ltr'>νῶθι</span> 
     </span>
    </p>

    <p class='ocr_par' dir='ltr' id='par_1_63' title="bbox 3654 615 3781 1041">
     <span class='ocr_line' id='line_1_64' title="bbox 3683 615 3775 717; baseline 0 -28"><span class='ocrx_word' id='word_1_462' title='bbox 3683 615 3775 717; x_wconf 54' lang='grc' dir='ltr'>ῥίς-</span> 
     </span>
     <span class='ocr_line' id='line_1_65' title="bbox 3654 723 3777 757; baseline -0.008 -1"><span class='ocrx_word' id='word_1_463' title='bbox 3654 723 3777 757; x_wconf 72' lang='lat' dir='ltr'>mav-</span> 
     </span>
     <span class='ocr_line' id='line_1_66' title="bbox 3654 791 3781 847; baseline 0.008 -1"><span class='ocrx_word' id='word_1_464' title='bbox 3654 791 3781 847; x_wconf 82' lang='grc' dir='ltr'>πολ-</span> 
     </span>
     <span class='ocr_line' id='line_1_67' title="bbox 3654 881 3781 956; baseline 0.008 -21"><span class='ocrx_word' id='word_1_465' title='bbox 3654 881 3781 956; x_wconf 66' lang='grc' dir='ltr'>,γού-</span> 
     </span>
     <span class='ocr_line' id='line_1_68' title="bbox 3654 990 3779 1041; baseline -0.016 -16"><span class='ocrx_word' id='word_1_466' title='bbox 3654 990 3779 1041; x_wconf 61' lang='grc' dir='ltr'>τισιν·</span> 
     </span>
    </p>

    <p class='ocr_par' dir='ltr' id='par_1_64' title="bbox 3656 1060 3782 1222">
     <span class='ocr_line' id='line_1_69' title="bbox 3691 1060 3781 1114; baseline -0.022 0"><span class='ocrx_word' id='word_1_467' title='bbox 3691 1060 3781 1114; x_wconf 79' lang='grc' dir='ltr'>καὶ</span> 
     </span>
     <span class='ocr_line' id='line_1_70' title="bbox 3656 1148 3782 1222; baseline -0.008 -19"><span class='ocrx_word' id='word_1_468' title='bbox 3656 1148 3782 1222; x_wconf 74' lang='grc' dir='ltr'>ἐμοὶ</span> 
     </span>
    </p>
   </div>
   <div class='ocr_carea' id='block_1_63' title="bbox 3629 395 3771 460">
    <p class='ocr_par' dir='ltr' id='par_1_65' title="bbox 3629 395 3771 460">
     <span class='ocr_line' id='line_1_71' title="bbox 3629 395 3771 460; baseline 0.007 -2"><span class='ocrx_word' id='word_1_469' title='bbox 3629 395 3771 460; x_wconf 74' lang='grc'>1608</span> 
     </span>
    </p>
   </div>
   <div class='ocr_carea' id='block_1_64' title="bbox 2144 612 3775 690">
    <p class='ocr_par' dir='ltr' id='par_1_66' title="bbox 2144 612 3775 690">
     <span class='ocr_line' id='line_1_72' title="bbox 2144 612 3775 690; baseline -0.001 -21"><span class='ocrx_word' id='word_1_470' title='bbox 2144 616 2243 684; x_wconf 79' lang='grc' dir='ltr'>τὴν</span> <span class='ocrx_word' id='word_1_471' title='bbox 2274 613 2493 690; x_wconf 83' lang='grc' dir='ltr'>καρδίαν</span> <span class='ocrx_word' id='word_1_472' title='bbox 2524 635 2667 690; x_wconf 73' lang='grc' dir='ltr'>μους</span> <span class='ocrx_word' id='word_1_473' title='bbox 2700 617 2737 685; x_wconf 74' lang='grc' dir='ltr'><strong>ἢ</strong></span> <span class='ocrx_word' id='word_1_474' title='bbox 2786 612 2955 684; x_wconf 84' lang='grc' dir='ltr'>δῆλον</span> <span class='ocrx_word' id='word_1_475' title='bbox 3006 612 3089 669; x_wconf 89' lang='lat'>6&#39;1:</span> <span class='ocrx_word' id='word_1_476' title='bbox 3135 612 3229 668; x_wconf 79' lang='grc' dir='ltr'>κᾶν</span> <span class='ocrx_word' id='word_1_477' title='bbox 3280 614 3533 687; x_wconf 78' lang='grc' dir='ltr'>ἀποτείνῃ</span> <span class='ocrx_word' id='word_1_478' title='bbox 3575 614 3642 668; x_wconf 69' lang='grc' dir='ltr'>τά</span> <span class='ocrx_word' id='word_1_479' title='bbox 3683 615 3775 689; x_wconf 73' lang='grc' dir='ltr'>ῥή-</span> 
     </span>
    </p>
   </div>
   <div class='ocr_carea' id='block_1_65' title="bbox 2150 698 3777 780">
    <p class='ocr_par' dir='ltr' id='par_1_67' title="bbox 2150 698 3777 780">
     <span class='ocr_line' id='line_1_73' title="bbox 2150 698 3777 780; baseline -0.002 -22"><span class='ocrx_word' id='word_1_480' title='bbox 2150 725 2292 776; x_wconf 86' lang='grc' dir='ltr'>ματα</span> <span class='ocrx_word' id='word_1_481' title='bbox 2330 704 2469 780; x_wconf 88' lang='grc' dir='ltr'>πρὸς</span> <span class='ocrx_word' id='word_1_482' title='bbox 2518 705 2670 775; x_wconf 87' lang='grc' dir='ltr'>Θεὸν,</span> <span class='ocrx_word' id='word_1_483' title='bbox 2696 702 2822 759; x_wconf 84' lang='grc' dir='ltr'>ἀλλ’</span> <span class='ocrx_word' id='word_1_484' title='bbox 2854 702 2930 764; x_wconf 84' lang='grc' dir='ltr'>εἷς</span> <span class='ocrx_word' id='word_1_485' title='bbox 2978 700 3360 779; x_wconf 82' lang='grc' dir='ltr'>πληροφορίαν</span> <span class='ocrx_word' id='word_1_486' title='bbox 3408 707 3517 757; x_wconf 85' lang='grc' dir='ltr'>τῶν</span> <span class='ocrx_word' id='word_1_487' title='bbox 3566 698 3777 757; x_wconf 78' lang='grc' dir='ltr'>ἀκουόν-</span> 
     </span>
    </p>
   </div>
   <div class='ocr_carea' id='block_1_66' title="bbox 2142 790 3781 872">
    <p class='ocr_par' dir='ltr' id='par_1_68' title="bbox 2142 790 3781 872">
     <span class='ocr_line' id='line_1_74' title="bbox 2142 790 3781 872; baseline -0.001 -24"><span class='ocrx_word' id='word_1_488' title='bbox 2142 814 2251 848; x_wconf 89' lang='grc' dir='ltr'>των</span> <span class='ocrx_word' id='word_1_489' title='bbox 2277 798 2435 849; x_wconf 90' lang='grc' dir='ltr'>τοῦτο</span> <span class='ocrx_word' id='word_1_490' title='bbox 2465 800 2614 849; x_wconf 88' lang='grc' dir='ltr'>ποιεῖ</span> <span class='ocrx_word' id='word_1_491' title='bbox 2657 794 2746 849; x_wconf 84' lang='grc' dir='ltr'>καὶ</span> <span class='ocrx_word' id='word_1_492' title='bbox 2799 790 3086 872; x_wconf 72' lang='grc' dir='ltr'>ὠφέλειαν·</span> <span class='ocrx_word' id='word_1_493' title='bbox 3138 790 3253 847; x_wconf 85' lang='grc' dir='ltr'>ἐπεὶ</span> <span class='ocrx_word' id='word_1_494' title='bbox 3300 792 3390 847; x_wconf 85' lang='grc' dir='ltr'>καὶ</span> <span class='ocrx_word' id='word_1_495' title='bbox 3438 795 3602 865; x_wconf 86' lang='grc' dir='ltr'>ἡμεῖς</span> <span class='ocrx_word' id='word_1_496' title='bbox 3648 791 3781 847; x_wconf 81' lang='grc' dir='ltr'>πο).-</span> 
     </span>
    </p>
   </div>
   <div class='ocr_carea' id='block_1_67' title="bbox 2146 878 3781 959">
    <p class='ocr_par' dir='ltr' id='par_1_69' title="bbox 2146 878 3781 959">
     <span class='ocr_line' id='line_1_75' title="bbox 2146 878 3781 959; baseline -0.002 -22"><span class='ocrx_word' id='word_1_497' title='bbox 2146 879 2302 945; x_wconf 88' lang='grc' dir='ltr'>λάκις</span> <span class='ocrx_word' id='word_1_498' title='bbox 2369 883 2654 957; x_wconf 81' lang='grc' dir='ltr'>εἰώθαμεν,</span> <span class='ocrx_word' id='word_1_499' title='bbox 2703 878 2867 937; x_wconf 86' lang='grc' dir='ltr'>ὁπότε</span> <span class='ocrx_word' id='word_1_500' title='bbox 2929 902 2983 935; x_wconf 92' lang='grc' dir='ltr'>τι</span> <span class='ocrx_word' id='word_1_501' title='bbox 3028 881 3502 959; x_wconf 82' lang='grc' dir='ltr'>πληροφορητικῷ</span> <span class='ocrx_word' id='word_1_502' title='bbox 3565 878 3781 956; x_wconf 80' lang='grc' dir='ltr'>διηγού-</span> 
     </span>
    </p>
   </div>
   <div class='ocr_carea' id='block_1_68' title="bbox 2147 967 3779 1047">
    <p class='ocr_par' dir='ltr' id='par_1_70' title="bbox 2147 967 3779 1047">
     <span class='ocr_line' id='line_1_76' title="bbox 2147 967 3779 1047; baseline -0.002 -21"><span class='ocrx_word' id='word_1_503' title='bbox 2147 973 2283 1044; x_wconf 88' lang='grc' dir='ltr'>μεθα</span> <span class='ocrx_word' id='word_1_504' title='bbox 2326 972 2463 1046; x_wconf 88' lang='grc' dir='ltr'>πρὸς</span> <span class='ocrx_word' id='word_1_505' title='bbox 2507 973 2635 1028; x_wconf 88' lang='grc' dir='ltr'>Θεὸν</span> <span class='ocrx_word' id='word_1_506' title='bbox 2689 968 3046 1047; x_wconf 83' lang='grc' dir='ltr'>σχηματίζειν</span> <span class='ocrx_word' id='word_1_507' title='bbox 3090 971 3191 1039; x_wconf 76' lang='grc' dir='ltr'>τὴν</span> <span class='ocrx_word' id='word_1_508' title='bbox 3221 969 3477 1041; x_wconf 83' lang='grc' dir='ltr'>τοιαύτην</span> <span class='ocrx_word' id='word_1_509' title='bbox 3505 967 3779 1045; x_wconf 82' lang='grc' dir='ltr'>διήγησιν·</span> 
     </span>
    </p>
   </div>
   <div class='ocr_carea' id='block_1_69' title="bbox 2143 1055 3781 1137">
    <p class='ocr_par' dir='ltr' id='par_1_71' title="bbox 2143 1055 3781 1137">
     <span class='ocr_line' id='line_1_77' title="bbox 2143 1055 3781 1137; baseline -0.001 -23"><span class='ocrx_word' id='word_1_510' title='bbox 2143 1060 2172 1114; x_wconf 78' lang='grc' dir='ltr'>ὃ</span> <span class='ocrx_word' id='word_1_511' title='bbox 2202 1064 2331 1134; x_wconf 90' lang='grc' dir='ltr'>γοῦν</span> <span class='ocrx_word' id='word_1_512' title='bbox 2383 1059 2526 1137; x_wconf 82' lang='grc' dir='ltr'>λέγει</span> <span class='ocrx_word' id='word_1_513' title='bbox 2566 1064 2728 1136; x_wconf 74' lang='grc' dir='ltr'>τοῦτρ</span> <span class='ocrx_word' id='word_1_514' title='bbox 2776 1058 2939 1126; x_wconf 83' lang='grc' dir='ltr'>ἐστιν,</span> <span class='ocrx_word' id='word_1_515' title='bbox 2983 1057 3067 1114; x_wconf 84' lang='lat'>6&#39;1:</span> <span class='ocrx_word' id='word_1_516' title='bbox 3134 1055 3627 1132; x_wconf 78' lang='grc' dir='ltr'>Δεδοκιμασμὲνως</span> <span class='ocrx_word' id='word_1_517' title='bbox 3691 1060 3781 1114; x_wconf 81' lang='grc' dir='ltr'>καὶ</span> 
     </span>
    </p>
   </div>
   <div class='ocr_carea' id='block_1_70' title="bbox 2142 1143 3782 1224">
    <p class='ocr_par' dir='ltr' id='par_1_72' title="bbox 2142 1143 3782 1224">
     <span class='ocr_line' id='line_1_78' title="bbox 2142 1143 3782 1224; baseline -0.001 -21"><span class='ocrx_word' id='word_1_518' title='bbox 2142 1143 2384 1224; x_wconf 87' lang='grc' dir='ltr'>ἀκριϐῶς</span> <span class='ocrx_word' id='word_1_519' title='bbox 2440 1148 2714 1204; x_wconf 84' lang='grc' dir='ltr'>ἐπίσταται</span> <span class='ocrx_word' id='word_1_520' title='bbox 2758 1149 2787 1203; x_wconf 89' lang='lat'>6</span> <span class='ocrx_word' id='word_1_521' title='bbox 2842 1149 2994 1220; x_wconf 89' lang='grc' dir='ltr'>Θεὸς,</span> <span class='ocrx_word' id='word_1_522' title='bbox 3044 1147 3119 1209; x_wconf 85' lang='grc' dir='ltr'>ὡς</span> <span class='ocrx_word' id='word_1_523' title='bbox 3183 1146 3282 1202; x_wconf 79' lang='grc' dir='ltr'>οὐκ</span> <span class='ocrx_word' id='word_1_524' title='bbox 3347 1145 3490 1203; x_wconf 82' lang='grc' dir='ltr'>ἔστιν</span> <span class='ocrx_word' id='word_1_525' title='bbox 3546 1147 3599 1202; x_wconf 90' lang='grc' dir='ltr'>ἐν</span> <span class='ocrx_word' id='word_1_526' title='bbox 3656 1148 3782 1222; x_wconf 74' lang='grc' dir='ltr'>ἐμοὶ</span> 
     </span>
    </p>
   </div>
   <div class='ocr_carea' id='block_1_71' title="bbox 2141 1233 3601 1314">
    <p class='ocr_par' dir='ltr' id='par_1_73' title="bbox 2141 1233 3601 1314">
     <span class='ocr_line' id='line_1_79' title="bbox 2141 1233 3601 1314; baseline 0 -23"><span class='ocrx_word' id='word_1_527' title='bbox 2141 1239 2332 1313; x_wconf 79' lang='grc' dir='ltr'>πρᾶξις</span> <span class='ocrx_word' id='word_1_528' title='bbox 2365 1235 2569 1301; x_wconf 79' lang='grc' dir='ltr'>ἄδικος·</span> <span class='ocrx_word' id='word_1_529' title='bbox 2600 1237 2663 1293; x_wconf 85' lang='grc' dir='ltr'>τὸ</span> <span class='ocrx_word' id='word_1_530' title='bbox 2690 1238 2790 1314; x_wconf 79' lang='grc' dir='ltr'>γὰρ</span> <span class='ocrx_word' id='word_1_531' title='bbox 2818 1236 2863 1291; x_wconf 81' lang='grc' dir='ltr'>εἷ</span> <span class='ocrx_word' id='word_1_532' title='bbox 2890 1234 3115 1309; x_wconf 88' lang='grc' dir='ltr'>δύναμιν</span> <span class='ocrx_word' id='word_1_533' title='bbox 3148 1233 3262 1312; x_wconf 77' lang='grc' dir='ltr'>ἔχει</span> <span class='ocrx_word' id='word_1_534' title='bbox 3301 1236 3601 1312; x_wconf 81' lang='grc' dir='ltr'>ἀρνήσεως.</span> 
     </span>
    </p>
   </div>
   <div class='ocr_carea' id='block_1_72' title="bbox 2214 1322 3780 1400">
    <p class='ocr_par' dir='ltr' id='par_1_74' title="bbox 2214 1322 3780 1400">
     <span class='ocr_line' id='line_1_80' title="bbox 2214 1322 3780 1400; baseline 0.001 -23"><span class='ocrx_word' id='word_1_535' title='bbox 2214 1349 2245 1377; x_wconf 91' lang='grc'>‹‹</span> <span class='ocrx_word' id='word_1_536' title='bbox 2276 1327 2374 1381; x_wconf 84' lang='grc' dir='ltr'>Καὶ</span> <span class='ocrx_word' id='word_1_537' title='bbox 2421 1324 2519 1397; x_wconf 67' lang='grc' dir='ltr'>ἴδε,</span> <span class='ocrx_word' id='word_1_538' title='bbox 2561 1326 2608 1382; x_wconf 78' lang='grc' dir='ltr'>εἰ</span> <span class='ocrx_word' id='word_1_539' title='bbox 2650 1323 2774 1389; x_wconf 85' lang='grc' dir='ltr'>ὁδὸς</span> <span class='ocrx_word' id='word_1_540' title='bbox 2817 1324 3044 1398; x_wconf 83' lang='grc' dir='ltr'>ἀνομίας</span> <span class='ocrx_word' id='word_1_541' title='bbox 3088 1324 3141 1379; x_wconf 93' lang='grc' dir='ltr'>ἐν</span> <span class='ocrx_word' id='word_1_542' title='bbox 3188 1323 3313 1398; x_wconf 84' lang='grc' dir='ltr'>ἐμοὶ</span> <span class='ocrx_word' id='word_1_543' title='bbox 3359 1325 3450 1379; x_wconf 83' lang='grc' dir='ltr'>καὶ</span> <span class='ocrx_word' id='word_1_544' title='bbox 3503 1322 3780 1400; x_wconf 76' lang='grc' dir='ltr'>ὀδήγησόν</span> 
     </span>
    </p>
   </div>
   <div class='ocr_carea' id='block_1_73' title="bbox 2145 1413 3789 1491">
    <p class='ocr_par' dir='ltr' id='par_1_75' title="bbox 2145 1413 3789 1491">
     <span class='ocr_line' id='line_1_81' title="bbox 2145 1413 3789 1491; baseline -0.001 -21"><span class='ocrx_word' id='word_1_545' title='bbox 2145 1436 2212 1489; x_wconf 86' lang='grc' dir='ltr'>με</span> <span class='ocrx_word' id='word_1_546' title='bbox 2259 1414 2311 1470; x_wconf 92' lang='grc' dir='ltr'>ἐν</span> <span class='ocrx_word' id='word_1_547' title='bbox 2358 1413 2471 1488; x_wconf 83' lang='grc' dir='ltr'>ὀδῷ</span> <span class='ocrx_word' id='word_1_548' title='bbox 2500 1415 2709 1488; x_wconf 82' lang='grc' dir='ltr'>αἰωνίᾳ.</span> <span class='ocrx_word' id='word_1_549' title='bbox 2743 1438 2773 1468; x_wconf 73' lang='grc' dir='ltr'>ι)</span> <span class='ocrx_word' id='word_1_550' title='bbox 2804 1448 2871 1458; x_wconf 92' lang='grc'><strong>-</strong></span> <span class='ocrx_word' id='word_1_551' title='bbox 2903 1413 3165 1491; x_wconf 83' lang='grc' dir='ltr'>Ἐπάγαγέ</span> <span class='ocrx_word' id='word_1_552' title='bbox 3216 1435 3285 1489; x_wconf 87' lang='grc' dir='ltr'>με</span> <span class='ocrx_word' id='word_1_553' title='bbox 3322 1414 3460 1491; x_wconf 88' lang='grc' dir='ltr'>πρὸς</span> <span class='ocrx_word' id='word_1_554' title='bbox 3507 1416 3654 1485; x_wconf 79' lang='grc' dir='ltr'>ζωήν</span> <span class='ocrx_word' id='word_1_555' title='bbox 3697 1415 3789 1470; x_wconf 76' lang='grc' dir='ltr'>αἲ-</span> 
     </span>
    </p>
   </div>
   <div class='ocr_carea' id='block_1_74' title="bbox 2140 1504 2325 1562">
    <p class='ocr_par' dir='ltr' id='par_1_76' title="bbox 2140 1504 2325 1562">
     <span class='ocr_line' id='line_1_82' title="bbox 2140 1504 2325 1562; baseline 0.016 -4"><span class='ocrx_word' id='word_1_556' title='bbox 2140 1504 2325 1562; x_wconf 91' lang='grc' dir='ltr'>ώνιον.</span> 
     </span>
    </p>
   </div>
   <div class='ocr_carea' id='block_1_75' title="bbox 2702 1662 3199 1719">
    <p class='ocr_par' dir='ltr' id='par_1_77' title="bbox 2702 1662 3199 1719">
     <span class='ocr_line' id='line_1_83' title="bbox 2702 1662 3199 1719; baseline 0 0"><span class='ocrx_word' id='word_1_557' title='bbox 2702 1669 2802 1719; x_wconf 84' lang='grc' dir='ltr'>ΨΔ</span> <span class='ocrx_word' id='word_1_558' title='bbox 2810 1668 2997 1719; x_wconf 79' lang='grc' dir='ltr'>ΛΜΟΣ</span> <span class='ocrx_word' id='word_1_559' title='bbox 3036 1662 3199 1719; x_wconf 83' lang='grc' dir='ltr'>ΡΛΘ’.</span> 
     </span>
    </p>
   </div>
   <div class='ocr_carea' id='block_1_76' title="bbox 2207 1801 3786 1880">
    <p class='ocr_par' dir='ltr' id='par_1_78' title="bbox 2207 1801 3786 1880">
     <span class='ocr_line' id='line_1_84' title="bbox 2207 1801 3786 1880; baseline 0.001 -23"><span class='ocrx_word' id='word_1_560' title='bbox 2207 1802 2236 1857; x_wconf 69' lang='grc' dir='ltr'>ι(</span> <span class='ocrx_word' id='word_1_561' title='bbox 2267 1806 2361 1868; x_wconf 80' lang='grc' dir='ltr'>Εἰς</span> <span class='ocrx_word' id='word_1_562' title='bbox 2404 1806 2467 1861; x_wconf 89' lang='grc' dir='ltr'>τὸ</span> <span class='ocrx_word' id='word_1_563' title='bbox 2510 1804 2694 1875; x_wconf 74' lang='grc' dir='ltr'>τέλος,</span> <span class='ocrx_word' id='word_1_564' title='bbox 2744 1804 2968 1880; x_wconf 78' lang='grc' dir='ltr'>ψαλμὸς</span> <span class='ocrx_word' id='word_1_565' title='bbox 3032 1808 3110 1876; x_wconf 80' lang='grc' dir='ltr'>τῷ</span> <span class='ocrx_word' id='word_1_566' title='bbox 3158 1801 3344 1861; x_wconf 79' lang='grc' dir='ltr'>Δαυΐδ.</span> <span class='ocrx_word' id='word_1_567' title='bbox 3393 1802 3627 1875; x_wconf 86' lang='grc' dir='ltr'>Ἐξελοῦ</span> <span class='ocrx_word' id='word_1_568' title='bbox 3696 1825 3786 1879; x_wconf 87' lang='grc' dir='ltr'>με,</span> 
     </span>
    </p>
   </div>
   <div class='ocr_carea' id='block_1_77' title="bbox 2055 1890 3787 1972">
    <p class='ocr_par' dir='ltr' id='par_1_79' title="bbox 2055 1890 3787 1972">
     <span class='ocr_line' id='line_1_85' title="bbox 2055 1890 3787 1972; baseline -0.002 -21"><span class='ocrx_word' id='word_1_569' title='bbox 2055 1895 2316 1971; x_wconf 80' lang='grc' dir='ltr'>ΒΚύριε,</span> <span class='ocrx_word' id='word_1_570' title='bbox 2375 1895 2427 1966; x_wconf 83' lang='grc' dir='ltr'>ἐξ</span> <span class='ocrx_word' id='word_1_571' title='bbox 2482 1894 2773 1972; x_wconf 80' lang='grc' dir='ltr'>ἀνθρώπου</span> <span class='ocrx_word' id='word_1_572' title='bbox 2843 1897 3111 1969; x_wconf 88' lang='grc' dir='ltr'>πονηροῦ·</span> <span class='ocrx_word' id='word_1_573' title='bbox 3161 1892 3267 1948; x_wconf 85' lang='grc' dir='ltr'>ἀπὸ</span> <span class='ocrx_word' id='word_1_574' title='bbox 3330 1890 3523 1967; x_wconf 78' lang='grc' dir='ltr'>ἀνδρὸς</span> <span class='ocrx_word' id='word_1_575' title='bbox 3594 1890 3787 1949; x_wconf 79' lang='grc' dir='ltr'>ἀδίκου</span> 
     </span>
    </p>
   </div>
   <div class='ocr_carea' id='block_1_78' title="bbox 2136 1980 3785 2061">
    <p class='ocr_par' dir='ltr' id='par_1_80' title="bbox 2136 1980 3785 2061">
     <span class='ocr_line' id='line_1_86' title="bbox 2136 1980 3785 2061; baseline -0.001 -23"><span class='ocrx_word' id='word_1_576' title='bbox 2136 1982 2289 2061; x_wconf 78' lang='grc' dir='ltr'>ῥῦσαί</span> <span class='ocrx_word' id='word_1_577' title='bbox 2337 2005 2423 2059; x_wconf 91' lang='grc' dir='ltr'>με.</span> <span class='ocrx_word' id='word_1_578' title='bbox 2485 2007 2513 2035; x_wconf 69' lang='grc' dir='ltr'>ι)</span> <span class='ocrx_word' id='word_1_579' title='bbox 2569 2016 2640 2027; x_wconf 90' lang='grc'><strong><em>-</em></strong></span> <span class='ocrx_word' id='word_1_580' title='bbox 2682 1985 2753 2038; x_wconf 87' lang='grc' dir='ltr'>Τὸ</span> <span class='ocrx_word' id='word_1_581' title='bbox 2799 1982 3117 2059; x_wconf 89' lang='grc' dir='ltr'>ἐλογίσαντο</span> <span class='ocrx_word' id='word_1_582' title='bbox 3168 1980 3285 2037; x_wconf 85' lang='grc' dir='ltr'>ἀντὶ</span> <span class='ocrx_word' id='word_1_583' title='bbox 3356 1986 3456 2037; x_wconf 89' lang='grc' dir='ltr'>τοῦ</span> <span class='ocrx_word' id='word_1_584' title='bbox 3511 1980 3785 2056; x_wconf 73' lang='grc' dir='ltr'>ἐμελέτη-</span> 
     </span>
    </p>
   </div>
   <div class='ocr_carea' id='block_1_79' title="bbox 2133 2094 2248 2131">
    <p class='ocr_par' dir='ltr' id='par_1_81' title="bbox 2133 2094 2248 2131">
     <span class='ocr_line' id='line_1_87' title="bbox 2133 2094 2248 2131; baseline 0.035 -4"><span class='ocrx_word' id='word_1_585' title='bbox 2133 2094 2248 2131; x_wconf 87' lang='grc' dir='ltr'>σαν.</span> 
     </span>
    </p>
   </div>
   <div class='ocr_carea' id='block_1_80' title="bbox 2205 2122 3891 2238">
    <p class='ocr_par' dir='ltr' id='par_1_82' title="bbox 2205 2122 3891 2238">
     <span class='ocr_line' id='line_1_88' title="bbox 2205 2122 3891 2238; baseline -0.003 -21"><span class='ocrx_word' id='word_1_586' title='bbox 2205 2122 2466 2225; x_wconf 45' lang='grc' dir='ltr'>ῑσίτινες</span> <span class='ocrx_word' id='word_1_587' title='bbox 2516 2161 2829 2238; x_wconf 88' lang='grc' dir='ltr'>ἐλογίσαντο</span> <span class='ocrx_word' id='word_1_588' title='bbox 2871 2158 3080 2223; x_wconf 88' lang='grc' dir='ltr'>ἀδικίας</span> <span class='ocrx_word' id='word_1_589' title='bbox 3130 2159 3182 2215; x_wconf 90' lang='grc' dir='ltr'>ἐν</span> <span class='ocrx_word' id='word_1_590' title='bbox 3231 2157 3448 2235; x_wconf 82' lang='grc' dir='ltr'>καρδίᾳ,</span> <span class='ocrx_word' id='word_1_591' title='bbox 3479 2157 3629 2231; x_wconf 78' lang='grc' dir='ltr'>ὅλην</span> <span class='ocrx_word' id='word_1_592' title='bbox 3685 2162 3779 2230; x_wconf 75' lang='grc' dir='ltr'>τήν</span> <span class='ocrx_word' id='word_1_593' title='bbox 3888 2122 3891 2237; x_wconf 49' lang='lat'><em>9</em></span> 
     </span>
    </p>
   </div>
   <div class='ocr_carea' id='block_1_81' title="bbox 2129 2247 3889 2329">
    <p class='ocr_par' dir='ltr' id='par_1_83' title="bbox 2129 2247 3889 2329">
     <span class='ocr_line' id='line_1_89' title="bbox 2129 2247 3889 2329; baseline -0.001 -23"><span class='ocrx_word' id='word_1_594' title='bbox 2129 2250 2339 2329; x_wconf 71' lang='grc' dir='ltr'>ἡμέραν</span> <span class='ocrx_word' id='word_1_595' title='bbox 2386 2251 2780 2328; x_wconf 85' lang='grc' dir='ltr'>παρετάσσοντο</span> <span class='ocrx_word' id='word_1_596' title='bbox 2827 2249 3132 2323; x_wconf 79' lang='grc' dir='ltr'>πολέμους.</span> <span class='ocrx_word' id='word_1_597' title='bbox 3181 2272 3210 2302; x_wconf 71' lang='grc' dir='ltr'>ι»</span> <span class='ocrx_word' id='word_1_598' title='bbox 3260 2281 3332 2291; x_wconf 90' lang='grc'><strong><em>-</em></strong></span> <span class='ocrx_word' id='word_1_599' title='bbox 3377 2249 3464 2304; x_wconf 81' lang='grc' dir='ltr'>Ἐν</span> <span class='ocrx_word' id='word_1_600' title='bbox 3533 2247 3662 2322; x_wconf 74' lang='grc' dir='ltr'>ὅλῳ</span> <span class='ocrx_word' id='word_1_601' title='bbox 3711 2254 3785 2321; x_wconf 74' lang='grc' dir='ltr'>τῷ</span> 
     </span>
    </p>
   </div>
   <div class='ocr_carea' id='block_1_82' title="bbox 2133 2326 3889 2417">
    <p class='ocr_par' dir='ltr' id='par_1_84' title="bbox 2133 2326 3889 2417">
     <span class='ocr_line' id='line_1_90' title="bbox 2133 2326 3889 2417; baseline -0.001 -23"><span class='ocrx_word' id='word_1_602' title='bbox 2133 2326 2254 2415; x_wconf 29' lang='grc' dir='ltr'>βίῳ.</span> <span class='ocrx_word' id='word_1_603' title='bbox 2290 2326 2474 2396; x_wconf 18' lang='grc' dir='ltr'>αὐτῶν*</span> <span class='ocrx_word' id='word_1_604' title='bbox 2511 2338 2902 2417; x_wconf 81' lang='grc' dir='ltr'>ηὐτρεπίζοντο</span> <span class='ocrx_word' id='word_1_605' title='bbox 2954 2338 3029 2401; x_wconf 84' lang='grc' dir='ltr'>εἰς</span> <span class='ocrx_word' id='word_1_606' title='bbox 3075 2337 3382 2410; x_wconf 85' lang='grc' dir='ltr'>πολέμους.</span> <span class='ocrx_word' id='word_1_607' title='bbox 3412 2335 3678 2411; x_wconf 88' lang='grc' dir='ltr'>Πόλεμον</span> <span class='ocrx_word' id='word_1_608' title='bbox 3728 2336 3784 2392; x_wconf 67' lang='grc' dir='ltr'>δὲ</span> <span class='ocrx_word' id='word_1_609' title='bbox 3888 2326 3889 2357; x_wconf 69' lang='lat'>&#39;</span> 
     </span>
    </p>
   </div>
   <div class='ocr_carea' id='block_1_83' title="bbox 2127 2424 3781 2505">
    <p class='ocr_par' dir='ltr' id='par_1_85' title="bbox 2127 2424 3781 2505">
     <span class='ocr_line' id='line_1_91' title="bbox 2127 2424 3781 2505; baseline -0.001 -22"><span class='ocrx_word' id='word_1_610' title='bbox 2127 2427 2381 2503; x_wconf 83' lang='grc' dir='ltr'>ὀνομάζει</span> <span class='ocrx_word' id='word_1_611' title='bbox 2431 2435 2601 2484; x_wconf 88' lang='grc' dir='ltr'>πᾶσαν</span> <span class='ocrx_word' id='word_1_612' title='bbox 2654 2428 2934 2505; x_wconf 87' lang='grc' dir='ltr'>ἐπήρειαν,</span> <span class='ocrx_word' id='word_1_613' title='bbox 2967 2427 3019 2483; x_wconf 91' lang='grc' dir='ltr'>ἐν</span> <span class='ocrx_word' id='word_1_614' title='bbox 3073 2424 3287 2497; x_wconf 77' lang='grc' dir='ltr'>διανοίᾳ</span> <span class='ocrx_word' id='word_1_615' title='bbox 3339 2426 3432 2481; x_wconf 84' lang='grc' dir='ltr'>καὶ</span> <span class='ocrx_word' id='word_1_616' title='bbox 3489 2425 3646 2503; x_wconf 86' lang='grc' dir='ltr'>λόγῳ</span> <span class='ocrx_word' id='word_1_617' title='bbox 3696 2426 3781 2482; x_wconf 79' lang='grc' dir='ltr'>καὶ</span> 
     </span>
    </p>
   </div>
   <div class='ocr_carea' id='block_1_84' title="bbox 2124 2514 2703 2595">
    <p class='ocr_par' dir='ltr' id='par_1_86' title="bbox 2124 2514 2703 2595">
     <span class='ocr_line' id='line_1_92' title="bbox 2124 2514 2703 2595; baseline 0.002 -22"><span class='ocrx_word' id='word_1_618' title='bbox 2124 2514 2270 2595; x_wconf 83' lang='grc' dir='ltr'>ἔργῳ</span> <span class='ocrx_word' id='word_1_619' title='bbox 2300 2519 2679 2593; x_wconf 76' lang='grc' dir='ltr'>θεωρουμένην</span> <span class='ocrx_word' id='word_1_620' title='bbox 2691 2562 2703 2574; x_wconf 95' lang='grc'>.</span> 
     </span>
    </p>
   </div>
   <div class='ocr_carea' id='block_1_85' title="bbox 2200 2604 3779 2684">
    <p class='ocr_par' dir='ltr' id='par_1_87' title="bbox 2200 2604 3779 2684">
     <span class='ocr_line' id='line_1_93' title="bbox 2200 2604 3779 2684; baseline -0.001 -25"><span class='ocrx_word' id='word_1_621' title='bbox 2200 2629 2225 2659; x_wconf 73' lang='grc' dir='ltr'>α</span> <span class='ocrx_word' id='word_1_622' title='bbox 2286 2607 2584 2679; x_wconf 89' lang='grc' dir='ltr'>Ἠκόνησαν</span> <span class='ocrx_word' id='word_1_623' title='bbox 2659 2605 2910 2684; x_wconf 86' lang='grc' dir='ltr'>γλῶσσαν</span> <span class='ocrx_word' id='word_1_624' title='bbox 2996 2606 3170 2661; x_wconf 77' lang='grc' dir='ltr'>αὐτῶν</span> <span class='ocrx_word' id='word_1_625' title='bbox 3258 2607 3386 2662; x_wconf 80' lang='grc' dir='ltr'>ὡσεὶ</span> <span class='ocrx_word' id='word_1_626' title='bbox 3466 2604 3675 2684; x_wconf 79' lang='grc' dir='ltr'>ὄφεως.</span> <span class='ocrx_word' id='word_1_627' title='bbox 3750 2628 3779 2657; x_wconf 70' lang='grc' dir='ltr'>υ</span> 
     </span>
    </p>
   </div>
   <div class='ocr_carea' id='block_1_86' title="bbox 2123 2691 3605 2772">
    <p class='ocr_par' dir='ltr' id='par_1_88' title="bbox 2123 2691 3605 2772">
     <span class='ocr_line' id='line_1_94' title="bbox 2123 2691 3605 2772; baseline 0 -24"><span class='ocrx_word' id='word_1_628' title='bbox 2123 2727 2194 2738; x_wconf 87' lang='lat'>—-</span> <span class='ocrx_word' id='word_1_629' title='bbox 2221 2694 2445 2766; x_wconf 84' lang='grc' dir='ltr'>Ὥξυναν</span> <span class='ocrx_word' id='word_1_630' title='bbox 2477 2695 2553 2758; x_wconf 81' lang='grc' dir='ltr'>εἷς</span> <span class='ocrx_word' id='word_1_631' title='bbox 2587 2694 2785 2771; x_wconf 89' lang='grc' dir='ltr'>λόγους</span> <span class='ocrx_word' id='word_1_632' title='bbox 2820 2692 3156 2772; x_wconf 82' lang='grc' dir='ltr'>βλαπτικοὺς</span> <span class='ocrx_word' id='word_1_633' title='bbox 3207 2691 3364 2766; x_wconf 90' lang='grc' dir='ltr'>δίκην</span> <span class='ocrx_word' id='word_1_634' title='bbox 3394 2694 3605 2764; x_wconf 87' lang='grc' dir='ltr'>Ἰησοῦ.</span> 
     </span>
    </p>
   </div>
   <div class='ocr_carea' id='block_1_87' title="bbox 2193 2781 3775 2859">
    <p class='ocr_par' dir='ltr' id='par_1_89' title="bbox 2193 2781 3775 2859">
     <span class='ocr_line' id='line_1_95' title="bbox 2193 2781 3775 2859; baseline 0 -21"><span class='ocrx_word' id='word_1_635' title='bbox 2193 2809 2222 2837; x_wconf 88' lang='grc'>‹‹</span> <span class='ocrx_word' id='word_1_636' title='bbox 2252 2784 2352 2847; x_wconf 82' lang='grc' dir='ltr'>ἰὸς</span> <span class='ocrx_word' id='word_1_637' title='bbox 2397 2782 2640 2839; x_wconf 89' lang='grc' dir='ltr'>ἀσπίδων</span> <span class='ocrx_word' id='word_1_638' title='bbox 2690 2784 2794 2839; x_wconf 86' lang='grc' dir='ltr'>ὑπὸ</span> <span class='ocrx_word' id='word_1_639' title='bbox 2847 2785 2914 2839; x_wconf 75' lang='grc' dir='ltr'>τὰ</span> <span class='ocrx_word' id='word_1_640' title='bbox 2958 2781 3122 2859; x_wconf 89' lang='grc' dir='ltr'>χείλη</span> <span class='ocrx_word' id='word_1_641' title='bbox 3168 2782 3365 2840; x_wconf 74' lang='grc' dir='ltr'>αὐτῶν.</span> <span class='ocrx_word' id='word_1_642' title='bbox 3403 2807 3426 2835; x_wconf 76' lang='grc' dir='ltr'>ι</span> <span class='ocrx_word' id='word_1_643' title='bbox 3460 2815 3532 2826; x_wconf 89' lang='lat'>—-</span> <span class='ocrx_word' id='word_1_644' title='bbox 3595 2782 3775 2858; x_wconf 85' lang='grc' dir='ltr'>Λόγος</span> 
     </span>
    </p>
   </div>
   <div class='ocr_carea' id='block_1_88' title="bbox 2125 2871 3051 2949">
    <p class='ocr_par' dir='ltr' id='par_1_90' title="bbox 2125 2871 3051 2949">
     <span class='ocr_line' id='line_1_96' title="bbox 2125 2871 3051 2949; baseline 0.001 -22"><span class='ocrx_word' id='word_1_645' title='bbox 2125 2871 2373 2949; x_wconf 73' lang='grc' dir='ltr'>ὀλέθριος</span> <span class='ocrx_word' id='word_1_646' title='bbox 2405 2872 2459 2927; x_wconf 90' lang='grc' dir='ltr'>ἐν</span> <span class='ocrx_word' id='word_1_647' title='bbox 2483 2877 2563 2945; x_wconf 84' lang='grc' dir='ltr'>τῷ</span> <span class='ocrx_word' id='word_1_648' title='bbox 2592 2872 2822 2946; x_wconf 77' lang='grc' dir='ltr'>στόματι</span> <span class='ocrx_word' id='word_1_649' title='bbox 2851 2871 3051 2928; x_wconf 77' lang='grc' dir='ltr'>αὐτῶν.</span> 
     </span>
    </p>
   </div>
   <div class='ocr_carea' id='block_1_89' title="bbox 2196 2958 3768 3037">
    <p class='ocr_par' dir='ltr' id='par_1_91' title="bbox 2196 2958 3768 3037">
     <span class='ocr_line' id='line_1_97' title="bbox 2196 2958 3768 3037; baseline 0 -23"><span class='ocrx_word' id='word_1_650' title='bbox 2196 2985 2225 3014; x_wconf 88' lang='grc'><em>‹‹</em></span> <span class='ocrx_word' id='word_1_651' title='bbox 2255 2961 2500 3032; x_wconf 82' lang='grc' dir='ltr'>Φύλαξόν</span> <span class='ocrx_word' id='word_1_652' title='bbox 2557 2982 2644 3034; x_wconf 88' lang='grc' dir='ltr'>με,</span> <span class='ocrx_word' id='word_1_653' title='bbox 2694 2961 2875 3037; x_wconf 88' lang='grc' dir='ltr'>Κύριε,</span> <span class='ocrx_word' id='word_1_654' title='bbox 2919 2959 2979 3016; x_wconf 90' lang='grc' dir='ltr'>ἐκ</span> <span class='ocrx_word' id='word_1_655' title='bbox 3023 2961 3211 3037; x_wconf 86' lang='grc' dir='ltr'>χειρὸς</span> <span class='ocrx_word' id='word_1_656' title='bbox 3259 2958 3625 3034; x_wconf 81' lang='grc' dir='ltr'>ἀμαρτωλοῦ,</span> <span class='ocrx_word' id='word_1_657' title='bbox 3668 2959 3768 3014; x_wconf 76' lang='grc' dir='ltr'>ἀπὸ</span> 
     </span>
    </p>
   </div>
   <div class='ocr_carea' id='block_1_90' title="bbox 2119 3046 3883 3126">
    <p class='ocr_par' dir='ltr' id='par_1_92' title="bbox 2119 3046 3883 3126">
     <span class='ocr_line' id='line_1_98' title="bbox 2119 3046 3883 3126; baseline -0.004 -21"><span class='ocrx_word' id='word_1_658' title='bbox 2119 3050 2415 3126; x_wconf 84' lang='grc' dir='ltr'>ἀνθρώπων</span> <span class='ocrx_word' id='word_1_659' title='bbox 2465 3047 2663 3105; x_wconf 86' lang='grc' dir='ltr'>ἀδίκων</span> <span class='ocrx_word' id='word_1_660' title='bbox 2714 3048 2900 3120; x_wconf 80' lang='grc' dir='ltr'>ἐξελοῦ</span> <span class='ocrx_word' id='word_1_661' title='bbox 2953 3070 3037 3123; x_wconf 90' lang='grc' dir='ltr'>με.</span> <span class='ocrx_word' id='word_1_662' title='bbox 3072 3072 3100 3101; x_wconf 77' lang='lat' dir='ltr'><em>n</em></span> <span class='ocrx_word' id='word_1_663' title='bbox 3150 3082 3219 3093; x_wconf 94' lang='lat'><strong><em>—</em></strong></span> <span class='ocrx_word' id='word_1_664' title='bbox 3261 3054 3430 3125; x_wconf 77' lang='grc' dir='ltr'>Χεῖρα</span> <span class='ocrx_word' id='word_1_665' title='bbox 3475 3047 3641 3104; x_wconf 83' lang='grc' dir='ltr'>καλεῖ</span> <span class='ocrx_word' id='word_1_666' title='bbox 3673 3049 3766 3116; x_wconf 75' lang='grc' dir='ltr'>τήν</span> <span class='ocrx_word' id='word_1_667' title='bbox 3878 3046 3883 3119; x_wconf 51' lang='grc' dir='ltr'>ι</span> 
     </span>
    </p>
   </div>
   <div class='ocr_carea' id='block_1_91' title="bbox 2119 3135 3762 3216">
    <p class='ocr_par' dir='ltr' id='par_1_93' title="bbox 2119 3135 3762 3216">
     <span class='ocr_line' id='line_1_99' title="bbox 2119 3135 3762 3216; baseline -0.002 -21"><span class='ocrx_word' id='word_1_668' title='bbox 2119 3139 2409 3216; x_wconf 69' lang='grc' dir='ltr'>ἐνέργειαν.</span> <span class='ocrx_word' id='word_1_669' title='bbox 2455 3138 2751 3215; x_wconf 81' lang='grc' dir='ltr'>’Δμαρτίαν</span> <span class='ocrx_word' id='word_1_670' title='bbox 2803 3136 2860 3194; x_wconf 75' lang='grc' dir='ltr'>δὲ</span> <span class='ocrx_word' id='word_1_671' title='bbox 2917 3137 3008 3193; x_wconf 81' lang='grc' dir='ltr'>καὶ</span> <span class='ocrx_word' id='word_1_672' title='bbox 3073 3135 3281 3193; x_wconf 84' lang='grc' dir='ltr'>ἀδικίαν</span> <span class='ocrx_word' id='word_1_673' title='bbox 3348 3137 3442 3192; x_wconf 86' lang='grc' dir='ltr'>καὶ</span> <span class='ocrx_word' id='word_1_674' title='bbox 3503 3137 3762 3213; x_wconf 76' lang='grc' dir='ltr'>πονηρίαν</span> 
     </span>
    </p>
   </div>
   <div class='ocr_carea' id='block_1_92' title="bbox 2036 3226 2914 3336">
    <p class='ocr_par' dir='ltr' id='par_1_94' title="bbox 2036 3226 2914 3336">
     <span class='ocr_line' id='line_1_100' title="bbox 2036 3226 2914 3336; baseline -0.001 -51"><span class='ocrx_word' id='word_1_675' title='bbox 2036 3269 2079 3336; x_wconf 74' lang='lat' dir='ltr'>C</span> <span class='ocrx_word' id='word_1_676' title='bbox 2115 3231 2215 3298; x_wconf 78' lang='grc' dir='ltr'>τὴν</span> <span class='ocrx_word' id='word_1_677' title='bbox 2245 3226 2484 3293; x_wconf 80' lang='grc' dir='ltr'>καθόλου</span> <span class='ocrx_word' id='word_1_678' title='bbox 2504 3227 2700 3336; x_wconf 56' lang='grc' dir='ltr'>εκακίαν</span> <span class='ocrx_word' id='word_1_679' title='bbox 2731 3227 2914 3306; x_wconf 89' lang='grc' dir='ltr'>φησίν.</span> 
     </span>
    </p>
   </div>
   <div class='ocr_carea' id='block_1_93' title="bbox 2192 3311 3768 3393">
    <p class='ocr_par' dir='ltr' id='par_1_95' title="bbox 2192 3311 3768 3393">
     <span class='ocr_line' id='line_1_101' title="bbox 2192 3311 3768 3393; baseline -0.002 -21"><span class='ocrx_word' id='word_1_680' title='bbox 2192 3342 2221 3372; x_wconf 84' lang='grc' dir='ltr'>ι(</span> <span class='ocrx_word' id='word_1_681' title='bbox 2249 3316 2455 3380; x_wconf 70' lang='grc' dir='ltr'>Οῖτινες</span> <span class='ocrx_word' id='word_1_682' title='bbox 2501 3314 2871 3393; x_wconf 89' lang='grc' dir='ltr'>διελογίσαντο</span> <span class='ocrx_word' id='word_1_683' title='bbox 2917 3320 3017 3372; x_wconf 86' lang='grc' dir='ltr'>τοῦ</span> <span class='ocrx_word' id='word_1_684' title='bbox 3066 3314 3415 3371; x_wconf 76' lang='grc' dir='ltr'>ὁποσκελίσαι</span> <span class='ocrx_word' id='word_1_685' title='bbox 3460 3318 3529 3371; x_wconf 76' lang='grc' dir='ltr'>τά</span> <span class='ocrx_word' id='word_1_686' title='bbox 3580 3311 3768 3387; x_wconf 77' lang='grc' dir='ltr'>διαϐή-</span> 
     </span>
    </p>
   </div>
   <div class='ocr_carea' id='block_1_94' title="bbox 2121 3403 3764 3482">
    <p class='ocr_par' dir='ltr' id='par_1_96' title="bbox 2121 3403 3764 3482">
     <span class='ocr_line' id='line_1_102' title="bbox 2121 3403 3764 3482; baseline -0.001 -19"><span class='ocrx_word' id='word_1_687' title='bbox 2121 3406 2262 3482; x_wconf 86' lang='grc' dir='ltr'>ματά</span> <span class='ocrx_word' id='word_1_688' title='bbox 2311 3429 2436 3481; x_wconf 89' lang='grc' dir='ltr'>μου.</span> <span class='ocrx_word' id='word_1_689' title='bbox 2474 3430 2502 3459; x_wconf 88' lang='grc'>››</span> <span class='ocrx_word' id='word_1_690' title='bbox 2543 3439 2611 3450; x_wconf 93' lang='lat'><strong>—</strong></span> <span class='ocrx_word' id='word_1_691' title='bbox 2658 3406 2728 3461; x_wconf 89' lang='lat' dir='ltr'>T6</span> <span class='ocrx_word' id='word_1_692' title='bbox 2774 3410 2872 3461; x_wconf 90' lang='grc' dir='ltr'>τοῦ</span> <span class='ocrx_word' id='word_1_693' title='bbox 2917 3404 3190 3481; x_wconf 88' lang='grc' dir='ltr'>περιττόν·</span> <span class='ocrx_word' id='word_1_694' title='bbox 3241 3403 3448 3468; x_wconf 73' lang='grc' dir='ltr'>ΟἹτινες</span> <span class='ocrx_word' id='word_1_695' title='bbox 3497 3404 3764 3479; x_wconf 70' lang='grc' dir='ltr'>ἐμελέτη-</span> 
     </span>
    </p>
   </div>
   <div class='ocr_carea' id='block_1_95' title="bbox 2117 3494 3375 3570">
    <p class='ocr_par' dir='ltr' id='par_1_97' title="bbox 2117 3494 3375 3570">
     <span class='ocr_line' id='line_1_103' title="bbox 2117 3494 3375 3570; baseline -0.001 -19"><span class='ocrx_word' id='word_1_696' title='bbox 2117 3518 2210 3551; x_wconf 91' lang='grc' dir='ltr'>σαν</span> <span class='ocrx_word' id='word_1_697' title='bbox 2242 3494 2531 3570; x_wconf 88' lang='grc' dir='ltr'>ἐμποδίσαι</span> <span class='ocrx_word' id='word_1_698' title='bbox 2556 3499 2626 3569; x_wconf 78' lang='grc' dir='ltr'>τῇ</span> <span class='ocrx_word' id='word_1_699' title='bbox 2654 3494 2789 3550; x_wconf 87' lang='grc' dir='ltr'>κατά</span> <span class='ocrx_word' id='word_1_700' title='bbox 2814 3494 2982 3569; x_wconf 87' lang='grc' dir='ltr'>νόμον</span> <span class='ocrx_word' id='word_1_701' title='bbox 3014 3494 3210 3568; x_wconf 81' lang='grc' dir='ltr'>πορείᾳ</span> <span class='ocrx_word' id='word_1_702' title='bbox 3250 3515 3375 3566; x_wconf 89' lang='grc' dir='ltr'>μου.</span> 
     </span>
    </p>
   </div>
   <div class='ocr_carea' id='block_1_96' title="bbox 2189 3580 3760 3662">
    <p class='ocr_par' dir='ltr' id='par_1_98' title="bbox 2189 3580 3760 3662">
     <span class='ocr_line' id='line_1_104' title="bbox 2189 3580 3760 3662; baseline -0.001 -24"><span class='ocrx_word' id='word_1_703' title='bbox 2189 3610 2219 3638; x_wconf 88' lang='grc'>‹‹</span> <span class='ocrx_word' id='word_1_704' title='bbox 2247 3588 2519 3661; x_wconf 76' lang='grc' dir='ltr'>Ἔκρυψαν</span> <span class='ocrx_word' id='word_1_705' title='bbox 2580 3584 2913 3662; x_wconf 81' lang='grc' dir='ltr'>ὑπερήφανοι</span> <span class='ocrx_word' id='word_1_706' title='bbox 2971 3580 3177 3658; x_wconf 88' lang='grc' dir='ltr'>παγίδα</span> <span class='ocrx_word' id='word_1_707' title='bbox 3231 3603 3346 3656; x_wconf 87' lang='grc' dir='ltr'>μοι.</span> <span class='ocrx_word' id='word_1_708' title='bbox 3382 3607 3410 3634; x_wconf 82' lang='grc'><strong>››</strong></span> <span class='ocrx_word' id='word_1_709' title='bbox 3458 3613 3528 3626; x_wconf 89' lang='grc'><strong>-</strong></span> <span class='ocrx_word' id='word_1_710' title='bbox 3576 3583 3760 3657; x_wconf 83' lang='grc' dir='ltr'>Ὑπερ-</span> 
     </span>
    </p>
   </div>
   <div class='ocr_carea' id='block_1_97' title="bbox 2115 3670 3623 3753">
    <p class='ocr_par' dir='ltr' id='par_1_99' title="bbox 2115 3670 3623 3753">
     <span class='ocr_line' id='line_1_105' title="bbox 2115 3670 3623 3753; baseline -0.001 -24"><span class='ocrx_word' id='word_1_711' title='bbox 2115 3677 2324 3753; x_wconf 85' lang='grc' dir='ltr'>ήφανος</span> <span class='ocrx_word' id='word_1_712' title='bbox 2353 3680 2458 3737; x_wconf 88' lang='grc' dir='ltr'>πᾶς</span> <span class='ocrx_word' id='word_1_713' title='bbox 2488 3670 2804 3749; x_wconf 88' lang='grc' dir='ltr'>παράνομος</span> <span class='ocrx_word' id='word_1_714' title='bbox 2835 3672 2910 3735; x_wconf 86' lang='grc' dir='ltr'>ὡς</span> <span class='ocrx_word' id='word_1_715' title='bbox 2940 3671 3251 3748; x_wconf 79' lang='grc' dir='ltr'>ὑπερόπτης</span> <span class='ocrx_word' id='word_1_716' title='bbox 3291 3675 3390 3726; x_wconf 87' lang='grc' dir='ltr'>τοῦ</span> <span class='ocrx_word' id='word_1_717' title='bbox 3420 3670 3623 3743; x_wconf 86' lang='grc' dir='ltr'>νόμου.</span> 
     </span>
    </p>
   </div>
   <div class='ocr_carea' id='block_1_98' title="bbox 2188 3757 3758 3838">
    <p class='ocr_par' dir='ltr' id='par_1_100' title="bbox 2188 3757 3758 3838">
     <span class='ocr_line' id='line_1_106' title="bbox 2188 3757 3758 3838; baseline -0.002 -22"><span class='ocrx_word' id='word_1_718' title='bbox 2188 3788 2217 3816; x_wconf 89' lang='grc'>‹‹</span> <span class='ocrx_word' id='word_1_719' title='bbox 2250 3763 2348 3819; x_wconf 85' lang='grc' dir='ltr'>Καὶ</span> <span class='ocrx_word' id='word_1_720' title='bbox 2378 3762 2597 3838; x_wconf 86' lang='grc' dir='ltr'>σχοινία</span> <span class='ocrx_word' id='word_1_721' title='bbox 2627 3759 2884 3817; x_wconf 86' lang='grc' dir='ltr'>διέτειναν</span> <span class='ocrx_word' id='word_1_722' title='bbox 2934 3757 3164 3837; x_wconf 87' lang='grc' dir='ltr'>παγίδας</span> <span class='ocrx_word' id='word_1_723' title='bbox 3210 3766 3328 3823; x_wconf 85' lang='grc' dir='ltr'>τοῖς</span> <span class='ocrx_word' id='word_1_724' title='bbox 3385 3760 3519 3815; x_wconf 86' lang='grc' dir='ltr'>ποσί</span> <span class='ocrx_word' id='word_1_725' title='bbox 3573 3781 3697 3834; x_wconf 86' lang='grc' dir='ltr'>μου.</span> <span class='ocrx_word' id='word_1_726' title='bbox 3732 3784 3758 3812; x_wconf 80' lang='grc' dir='ltr'>ιι</span> 
     </span>
    </p>
   </div>
   <div class='ocr_carea' id='block_1_99' title="bbox 2116 3844 3760 3922">
    <p class='ocr_par' dir='ltr' id='par_1_101' title="bbox 2116 3844 3760 3922">
     <span class='ocr_line' id='line_1_107' title="bbox 2116 3844 3760 3922; baseline -0.002 -15"><span class='ocrx_word' id='word_1_727' title='bbox 2116 3886 2184 3895; x_wconf 92' lang='grc'><strong><em>-</em></strong></span> <span class='ocrx_word' id='word_1_728' title='bbox 2232 3853 2332 3907; x_wconf 85' lang='grc' dir='ltr'>Καὶ</span> <span class='ocrx_word' id='word_1_729' title='bbox 2378 3850 2757 3913; x_wconf 89' lang='grc' dir='ltr'>πολυπλόκοις</span> <span class='ocrx_word' id='word_1_730' title='bbox 2804 3844 3124 3913; x_wconf 87' lang='grc' dir='ltr'>ἐπιϐουλαῖς</span> <span class='ocrx_word' id='word_1_731' title='bbox 3172 3846 3439 3918; x_wconf 80' lang='grc' dir='ltr'>ἥπλωσάν</span> <span class='ocrx_word' id='word_1_732' title='bbox 3513 3870 3611 3922; x_wconf 88' lang='grc' dir='ltr'>μοι</span> <span class='ocrx_word' id='word_1_733' title='bbox 3664 3856 3760 3919; x_wconf 83' lang='grc' dir='ltr'>τῆς</span> 
     </span>
    </p>
   </div>
   <div class='ocr_carea' id='block_1_100' title="bbox 2114 3936 3758 4016">
    <p class='ocr_par' dir='ltr' id='par_1_102' title="bbox 2114 3936 3758 4016">
     <span class='ocr_line' id='line_1_108' title="bbox 2114 3936 3758 4016; baseline -0.004 -19"><span class='ocrx_word' id='word_1_734' title='bbox 2114 3942 2249 3998; x_wconf 83' lang='grc' dir='ltr'>κατᾶ</span> <span class='ocrx_word' id='word_1_735' title='bbox 2304 3940 2433 3996; x_wconf 78' lang='grc' dir='ltr'>Θεὸν</span> <span class='ocrx_word' id='word_1_736' title='bbox 2500 3940 2723 4016; x_wconf 90' lang='grc' dir='ltr'>πορείας</span> <span class='ocrx_word' id='word_1_737' title='bbox 2774 3936 3027 4013; x_wconf 84' lang='grc' dir='ltr'>ἐμπόδια·</span> <span class='ocrx_word' id='word_1_738' title='bbox 3085 3941 3253 3993; x_wconf 89' lang='grc' dir='ltr'>ταῦτα</span> <span class='ocrx_word' id='word_1_739' title='bbox 3324 3938 3429 4014; x_wconf 74' lang='grc' dir='ltr'>γὰρ</span> <span class='ocrx_word' id='word_1_740' title='bbox 3507 3936 3758 4011; x_wconf 77' lang='grc' dir='ltr'>ὀνομάζει</span> 
     </span>
    </p>
   </div>
   <div class='ocr_carea' id='block_1_101' title="bbox 2113 4025 2876 4105">
    <p class='ocr_par' dir='ltr' id='par_1_103' title="bbox 2113 4025 2876 4105">
     <span class='ocr_line' id='line_1_109' title="bbox 2113 4025 2876 4105; baseline -0.003 -19"><span class='ocrx_word' id='word_1_741' title='bbox 2113 4030 2201 4086; x_wconf 82' lang='grc' dir='ltr'>καὶ</span> <span class='ocrx_word' id='word_1_742' title='bbox 2230 4027 2436 4105; x_wconf 86' lang='grc' dir='ltr'>παγίδα</span> <span class='ocrx_word' id='word_1_743' title='bbox 2465 4028 2556 4084; x_wconf 90' lang='grc' dir='ltr'>καὶ</span> <span class='ocrx_word' id='word_1_744' title='bbox 2585 4025 2876 4084; x_wconf 89' lang='grc' dir='ltr'>σκάνδαλα.</span> 
     </span>
    </p>
   </div>
   <div class='ocr_carea' id='block_1_102' title="bbox 2186 4112 3754 4194">
    <p class='ocr_par' dir='ltr' id='par_1_104' title="bbox 2186 4112 3754 4194">
     <span class='ocr_line' id='line_1_110' title="bbox 2186 4112 3754 4194; baseline -0.003 -22"><span class='ocrx_word' id='word_1_745' title='bbox 2186 4144 2215 4172; x_wconf 79' lang='grc' dir='ltr'>ι(</span> <span class='ocrx_word' id='word_1_746' title='bbox 2246 4117 2515 4194; x_wconf 87' lang='grc' dir='ltr'>Ἐχόμενα</span> <span class='ocrx_word' id='word_1_747' title='bbox 2540 4112 2733 4193; x_wconf 88' lang='grc' dir='ltr'>τρίϐου</span> <span class='ocrx_word' id='word_1_748' title='bbox 2779 4112 3052 4172; x_wconf 89' lang='grc' dir='ltr'>σκάνδαλα</span> <span class='ocrx_word' id='word_1_749' title='bbox 3088 4112 3266 4170; x_wconf 80' lang='grc' dir='ltr'>ἔθεντό</span> <span class='ocrx_word' id='word_1_750' title='bbox 3320 4135 3438 4187; x_wconf 89' lang='grc' dir='ltr'>μοι.</span> <span class='ocrx_word' id='word_1_751' title='bbox 3473 4138 3503 4165; x_wconf 69' lang='grc' dir='ltr'>ιν</span> <span class='ocrx_word' id='word_1_752' title='bbox 3531 4144 3604 4158; x_wconf 91' lang='grc'><strong>-</strong></span> <span class='ocrx_word' id='word_1_753' title='bbox 3629 4115 3754 4188; x_wconf 84' lang='grc' dir='ltr'>Ἐγ-</span> 
     </span>
    </p>
   </div>
   <div class='ocr_carea' id='block_1_103' title="bbox 2113 4202 3752 4283">
    <p class='ocr_par' dir='ltr' id='par_1_105' title="bbox 2113 4202 3752 4283">
     <span class='ocr_line' id='line_1_111' title="bbox 2113 4202 3752 4283; baseline -0.004 -20"><span class='ocrx_word' id='word_1_754' title='bbox 2113 4228 2271 4283; x_wconf 88' lang='grc' dir='ltr'>γιστα</span> <span class='ocrx_word' id='word_1_755' title='bbox 2296 4214 2398 4278; x_wconf 82' lang='grc' dir='ltr'>τῆς</span> <span class='ocrx_word' id='word_1_756' title='bbox 2428 4204 2559 4261; x_wconf 86' lang='grc' dir='ltr'>ὁδοῦ</span> <span class='ocrx_word' id='word_1_757' title='bbox 2589 4202 2770 4261; x_wconf 84' lang='grc' dir='ltr'>ἔθεντό</span> <span class='ocrx_word' id='word_1_758' title='bbox 2822 4226 2915 4279; x_wconf 91' lang='grc' dir='ltr'>μοι</span> <span class='ocrx_word' id='word_1_759' title='bbox 2966 4203 3368 4281; x_wconf 82' lang='grc' dir='ltr'>προοκόμματα</span> <span class='ocrx_word' id='word_1_760' title='bbox 3410 4202 3550 4258; x_wconf 81' lang='grc' dir='ltr'>ὥστε</span> <span class='ocrx_word' id='word_1_761' title='bbox 3604 4223 3752 4279; x_wconf 85' lang='grc' dir='ltr'>περι-</span> 
     </span>
    </p>
   </div>
   <div class='ocr_carea' id='block_1_104' title="bbox 2111 4290 3339 4373">
    <p class='ocr_par' dir='ltr' id='par_1_106' title="bbox 2111 4290 3339 4373">
     <span class='ocr_line' id='line_1_112' title="bbox 2111 4290 3339 4373; baseline -0.002 -20"><span class='ocrx_word' id='word_1_762' title='bbox 2111 4302 2291 4353; x_wconf 88' lang='grc' dir='ltr'>πεσεῖν</span> <span class='ocrx_word' id='word_1_763' title='bbox 2328 4317 2395 4370; x_wconf 92' lang='grc' dir='ltr'>με</span> <span class='ocrx_word' id='word_1_764' title='bbox 2423 4295 2640 4357; x_wconf 89' lang='grc' dir='ltr'>τούτοις</span> <span class='ocrx_word' id='word_1_765' title='bbox 2670 4291 2995 4373; x_wconf 88' lang='grc' dir='ltr'>ἀφυλάκτως</span> <span class='ocrx_word' id='word_1_766' title='bbox 3030 4290 3339 4369; x_wconf 87' lang='grc' dir='ltr'>βαδίζοντα.</span> 
     </span>
    </p>
   </div>
   <div class='ocr_carea' id='block_1_105' title="bbox 2188 4381 3755 4461">
    <p class='ocr_par' dir='ltr' id='par_1_107' title="bbox 2188 4381 3755 4461">
     <span class='ocr_line' id='line_1_113' title="bbox 2188 4381 3755 4461; baseline 0.001 -23"><span class='ocrx_word' id='word_1_767' title='bbox 2188 4410 2216 4438; x_wconf 91' lang='grc'>‹‹</span> <span class='ocrx_word' id='word_1_768' title='bbox 2245 4386 2387 4441; x_wconf 80' lang='grc' dir='ltr'>Εἶπα</span> <span class='ocrx_word' id='word_1_769' title='bbox 2412 4389 2491 4457; x_wconf 85' lang='grc' dir='ltr'>τῷ</span> <span class='ocrx_word' id='word_1_770' title='bbox 2538 4384 2738 4461; x_wconf 85' lang='grc' dir='ltr'>Κυρίῳ·</span> <span class='ocrx_word' id='word_1_771' title='bbox 2789 4382 2919 4445; x_wconf 90' lang='grc' dir='ltr'>Θεός</span> <span class='ocrx_word' id='word_1_772' title='bbox 2968 4404 3073 4458; x_wconf 89' lang='grc' dir='ltr'>μου</span> <span class='ocrx_word' id='word_1_773' title='bbox 3123 4382 3174 4437; x_wconf 79' lang='grc' dir='ltr'>εἷ</span> <span class='ocrx_word' id='word_1_774' title='bbox 3217 4381 3303 4438; x_wconf 88' lang='grc' dir='ltr'>σύ.</span> <span class='ocrx_word' id='word_1_775' title='bbox 3340 4406 3369 4433; x_wconf 84' lang='grc'><strong>››</strong></span> <span class='ocrx_word' id='word_1_776' title='bbox 3398 4414 3473 4425; x_wconf 93' lang='lat'>—</span> <span class='ocrx_word' id='word_1_777' title='bbox 3500 4383 3590 4437; x_wconf 86' lang='grc' dir='ltr'>Ἐν</span> <span class='ocrx_word' id='word_1_778' title='bbox 3645 4385 3755 4440; x_wconf 62' lang='lat'>10?:</span> 
     </span>
    </p>
   </div>
   <div class='ocr_carea' id='block_1_106' title="bbox 2111 4469 3752 4546">
    <p class='ocr_par' dir='ltr' id='par_1_108' title="bbox 2111 4469 3752 4546">
     <span class='ocr_line' id='line_1_114' title="bbox 2111 4469 3752 4546; baseline -0.004 -16"><span class='ocrx_word' id='word_1_779' title='bbox 2111 4472 2382 4537; x_wconf 79' lang='grc' dir='ltr'>τοιούτοις</span> <span class='ocrx_word' id='word_1_780' title='bbox 2410 4470 2679 4536; x_wconf 87' lang='grc' dir='ltr'>κινδύνοις</span> <span class='ocrx_word' id='word_1_781' title='bbox 2720 4472 2882 4546; x_wconf 89' lang='grc' dir='ltr'>μόνον</span> <span class='ocrx_word' id='word_1_782' title='bbox 2932 4469 3345 4544; x_wconf 86' lang='grc' dir='ltr'>ἐπεκαλεσάμην</span> <span class='ocrx_word' id='word_1_783' title='bbox 3394 4470 3491 4526; x_wconf 84' lang='grc' dir='ltr'>τὸν</span> <span class='ocrx_word' id='word_1_784' title='bbox 3542 4470 3752 4545; x_wconf 78' lang='grc' dir='ltr'>Κύριον,</span> 
     </span>
    </p>
   </div>
   <div class='ocr_carea' id='block_1_107' title="bbox 2112 4555 3753 4636">
    <p class='ocr_par' dir='ltr' id='par_1_109' title="bbox 2112 4555 3753 4636">
     <span class='ocr_line' id='line_1_115' title="bbox 2112 4555 3753 4636; baseline -0.004 -18"><span class='ocrx_word' id='word_1_785' title='bbox 2112 4563 2278 4619; x_wconf 77' lang='grc' dir='ltr'>εἰπὼν</span> <span class='ocrx_word' id='word_1_786' title='bbox 2334 4561 2503 4635; x_wconf 83' lang='grc' dir='ltr'>αὐτῷ,</span> <span class='ocrx_word' id='word_1_787' title='bbox 2560 4560 2689 4623; x_wconf 89' lang='grc' dir='ltr'>Θεός</span> <span class='ocrx_word' id='word_1_788' title='bbox 2750 4582 2855 4634; x_wconf 91' lang='grc' dir='ltr'>μου</span> <span class='ocrx_word' id='word_1_789' title='bbox 2903 4559 2952 4614; x_wconf 80' lang='grc' dir='ltr'>εἷ</span> <span class='ocrx_word' id='word_1_790' title='bbox 2994 4560 3078 4614; x_wconf 90' lang='grc' dir='ltr'>σύ·</span> <span class='ocrx_word' id='word_1_791' title='bbox 3143 4560 3222 4632; x_wconf 83' lang='grc' dir='ltr'>μή</span> <span class='ocrx_word' id='word_1_792' title='bbox 3270 4556 3511 4636; x_wconf 73' lang='grc' dir='ltr'>παρίδῃς</span> <span class='ocrx_word' id='word_1_793' title='bbox 3551 4559 3619 4613; x_wconf 88' lang='grc' dir='ltr'>τὸ</span> <span class='ocrx_word' id='word_1_794' title='bbox 3665 4555 3753 4629; x_wconf 78' lang='grc' dir='ltr'>δη-</span> 
     </span>
    </p>
   </div>
   <div class='ocr_carea' id='block_1_108' title="bbox 2034 4637 2583 4727">
    <p class='ocr_par' dir='ltr' id='par_1_110' title="bbox 2034 4637 2583 4727">
     <span class='ocr_line' id='line_1_116' title="bbox 2034 4637 2583 4727; baseline 0.004 -24"><span class='ocrx_word' id='word_1_795' title='bbox 2034 4637 2082 4703; x_wconf 84' lang='grc' dir='ltr'>Ῑ)</span> <span class='ocrx_word' id='word_1_796' title='bbox 2116 4651 2350 4727; x_wconf 89' lang='grc' dir='ltr'>μιούργη</span> <span class='ocrx_word' id='word_1_797' title='bbox 2361 4652 2436 4725; x_wconf 89' lang='grc' dir='ltr'>μά</span> <span class='ocrx_word' id='word_1_798' title='bbox 2466 4671 2583 4706; x_wconf 89' lang='grc' dir='ltr'>σου.</span> 
     </span>
    </p>
   </div>
   <div class='ocr_carea' id='block_1_109' title="bbox 2181 4254 3871 4859">
    <p class='ocr_par' dir='ltr' id='par_1_111' title="bbox 2181 4254 3697 4373">
     <span class='ocr_line' id='line_1_117' title="bbox 2181 4254 3697 4281; baseline -0.003 0"><span class='ocrx_word' id='word_1_799' title='bbox 2181 4254 2271 4263; x_wconf 60' lang='grc'>⁷⁷..</span> <span class='ocrx_word' id='word_1_800' title='bbox 2308 4254 2396 4278; x_wconf 64' lang='grc' dir='ltr'>”Ἷ’⁵</span> <span class='ocrx_word' id='word_1_801' title='bbox 2432 4254 2556 4261; x_wconf 51' lang='lat' dir='ltr'>&quot;vv</span> <span class='ocrx_word' id='word_1_802' title='bbox 2590 4254 2767 4261; x_wconf 55' lang='grc'>’⁷⁷⁷⁷⁷</span> <span class='ocrx_word' id='word_1_803' title='bbox 2822 4254 2915 4279; x_wconf 58' lang='grc'>⁵⁷⁷⁷⁷</span> <span class='ocrx_word' id='word_1_804' title='bbox 2972 4254 3366 4281; x_wconf 69' lang='lat' dir='ltr'>&quot;r&quot;&quot;&#39;|&quot;l&quot;&quot;&quot;‘</span> <span class='ocrx_word' id='word_1_805' title='bbox 3417 4254 3546 4258; x_wconf 57' lang='lat' dir='ltr'>ﬁ&quot;&#39;</span> <span class='ocrx_word' id='word_1_806' title='bbox 3613 4254 3697 4279; x_wconf 66' lang='lat'>&quot;&#39;6—</span> 
     </span>
     <span class='ocr_line' id='line_1_118' title="bbox 2183 4290 3339 4373; baseline -0.002 -21"><span class='ocrx_word' id='word_1_807' title='bbox 2183 4302 2291 4353; x_wconf 91' lang='grc' dir='ltr'>σεῖν</span> <span class='ocrx_word' id='word_1_808' title='bbox 2328 4317 2395 4370; x_wconf 92' lang='grc' dir='ltr'>με</span> <span class='ocrx_word' id='word_1_809' title='bbox 2423 4295 2640 4357; x_wconf 89' lang='grc' dir='ltr'>τούτοις</span> <span class='ocrx_word' id='word_1_810' title='bbox 2670 4291 2995 4373; x_wconf 88' lang='grc' dir='ltr'>ἀφυλάκτως</span> <span class='ocrx_word' id='word_1_811' title='bbox 3030 4290 3339 4369; x_wconf 88' lang='grc' dir='ltr'>βαδίζοντα.</span> 
     </span>
    </p>

    <p class='ocr_par' dir='ltr' id='par_1_112' title="bbox 2181 4381 3755 4727">
     <span class='ocr_line' id='line_1_119' title="bbox 2188 4381 3755 4461; baseline -0.002 -23"><span class='ocrx_word' id='word_1_812' title='bbox 2188 4410 2216 4438; x_wconf 91' lang='grc'>‹‹</span> <span class='ocrx_word' id='word_1_813' title='bbox 2245 4386 2387 4441; x_wconf 80' lang='grc' dir='ltr'>Εἶπα</span> <span class='ocrx_word' id='word_1_814' title='bbox 2412 4389 2491 4457; x_wconf 85' lang='grc' dir='ltr'>τῷ</span> <span class='ocrx_word' id='word_1_815' title='bbox 2538 4384 2738 4461; x_wconf 85' lang='grc' dir='ltr'>Κυρίῳ·</span> <span class='ocrx_word' id='word_1_816' title='bbox 2789 4382 2919 4445; x_wconf 90' lang='grc' dir='ltr'>Θεός</span> <span class='ocrx_word' id='word_1_817' title='bbox 2968 4404 3073 4458; x_wconf 89' lang='grc' dir='ltr'>μου</span> <span class='ocrx_word' id='word_1_818' title='bbox 3123 4382 3174 4437; x_wconf 79' lang='grc' dir='ltr'>εἷ</span> <span class='ocrx_word' id='word_1_819' title='bbox 3217 4381 3303 4438; x_wconf 88' lang='grc' dir='ltr'>σύ.</span> <span class='ocrx_word' id='word_1_820' title='bbox 3340 4406 3369 4433; x_wconf 83' lang='grc'><strong>››</strong></span> <span class='ocrx_word' id='word_1_821' title='bbox 3398 4414 3473 4425; x_wconf 92' lang='lat'>—</span> <span class='ocrx_word' id='word_1_822' title='bbox 3500 4383 3590 4437; x_wconf 86' lang='grc' dir='ltr'>Ἐν</span> <span class='ocrx_word' id='word_1_823' title='bbox 3645 4385 3755 4440; x_wconf 68' lang='lat'>10?:</span> 
     </span>
     <span class='ocr_line' id='line_1_120' title="bbox 2181 4469 3752 4546; baseline -0.004 -16"><span class='ocrx_word' id='word_1_824' title='bbox 2181 4472 2382 4537; x_wconf 84' lang='grc' dir='ltr'>ιούτοις</span> <span class='ocrx_word' id='word_1_825' title='bbox 2410 4470 2679 4536; x_wconf 87' lang='grc' dir='ltr'>κινδύνοις</span> <span class='ocrx_word' id='word_1_826' title='bbox 2720 4472 2882 4546; x_wconf 89' lang='grc' dir='ltr'>μόνον</span> <span class='ocrx_word' id='word_1_827' title='bbox 2932 4469 3345 4544; x_wconf 86' lang='grc' dir='ltr'>ἐπεκαλεσάμην</span> <span class='ocrx_word' id='word_1_828' title='bbox 3394 4470 3491 4526; x_wconf 84' lang='grc' dir='ltr'>τὸν</span> <span class='ocrx_word' id='word_1_829' title='bbox 3542 4470 3752 4545; x_wconf 80' lang='grc' dir='ltr'>Κύριον,</span> 
     </span>
     <span class='ocr_line' id='line_1_121' title="bbox 2181 4555 3753 4636; baseline -0.004 -18"><span class='ocrx_word' id='word_1_830' title='bbox 2181 4564 2278 4618; x_wconf 83' lang='grc' dir='ltr'>τὼν</span> <span class='ocrx_word' id='word_1_831' title='bbox 2334 4561 2503 4635; x_wconf 83' lang='grc' dir='ltr'>αὐτῷ,</span> <span class='ocrx_word' id='word_1_832' title='bbox 2560 4560 2689 4623; x_wconf 88' lang='grc' dir='ltr'>Θεός</span> <span class='ocrx_word' id='word_1_833' title='bbox 2750 4582 2855 4634; x_wconf 91' lang='grc' dir='ltr'>μου</span> <span class='ocrx_word' id='word_1_834' title='bbox 2903 4559 2952 4614; x_wconf 80' lang='grc' dir='ltr'>εἷ</span> <span class='ocrx_word' id='word_1_835' title='bbox 2994 4560 3078 4614; x_wconf 90' lang='grc' dir='ltr'>σύ·</span> <span class='ocrx_word' id='word_1_836' title='bbox 3143 4560 3222 4632; x_wconf 83' lang='grc' dir='ltr'>μή</span> <span class='ocrx_word' id='word_1_837' title='bbox 3270 4556 3511 4636; x_wconf 73' lang='grc' dir='ltr'>παρίδῃς</span> <span class='ocrx_word' id='word_1_838' title='bbox 3551 4559 3619 4613; x_wconf 88' lang='grc' dir='ltr'>τὸ</span> <span class='ocrx_word' id='word_1_839' title='bbox 3665 4555 3753 4629; x_wconf 78' lang='grc' dir='ltr'>δη-</span> 
     </span>
     <span class='ocr_line' id='line_1_122' title="bbox 2182 4651 2583 4727; baseline -0.005 -20"><span class='ocrx_word' id='word_1_840' title='bbox 2182 4651 2436 4727; x_wconf 89' lang='grc' dir='ltr'>ούργημά</span> <span class='ocrx_word' id='word_1_841' title='bbox 2466 4671 2583 4706; x_wconf 89' lang='grc' dir='ltr'>σου.</span> 
     </span>
    </p>

    <p class='ocr_par' dir='ltr' id='par_1_113' title="bbox 2181 4733 3752 4859">
     <span class='ocr_line' id='line_1_123' title="bbox 2181 4733 3752 4817; baseline -0.002 -23"><span class='ocrx_word' id='word_1_842' title='bbox 2181 4765 2210 4794; x_wconf 89' lang='grc'><em>‹‹</em></span> <span class='ocrx_word' id='word_1_843' title='bbox 2243 4741 2546 4808; x_wconf 87' lang='grc' dir='ltr'>Ἐνώτισαι,</span> <span class='ocrx_word' id='word_1_844' title='bbox 2575 4737 2757 4813; x_wconf 89' lang='grc' dir='ltr'>Κύριε,</span> <span class='ocrx_word' id='word_1_845' title='bbox 2787 4738 2886 4807; x_wconf 85' lang='grc' dir='ltr'>τὴν</span> <span class='ocrx_word' id='word_1_846' title='bbox 2919 4738 3098 4817; x_wconf 79' lang='grc' dir='ltr'>φωνὴν</span> <span class='ocrx_word' id='word_1_847' title='bbox 3129 4743 3232 4807; x_wconf 85' lang='grc' dir='ltr'>τῆς</span> <span class='ocrx_word' id='word_1_848' title='bbox 3264 4733 3507 4807; x_wconf 88' lang='grc' dir='ltr'>δεήσεώς</span> <span class='ocrx_word' id='word_1_849' title='bbox 3568 4754 3694 4811; x_wconf 87' lang='grc' dir='ltr'>μου.</span> <span class='ocrx_word' id='word_1_850' title='bbox 3726 4758 3752 4786; x_wconf 82' lang='grc' dir='ltr'>ιι</span> 
     </span>
     <span class='ocr_line' id='line_1_124' title="bbox 2215 4825 2758 4859; baseline 0 0"><span class='ocrx_word' id='word_1_851' title='bbox 2215 4827 2473 4859; x_wconf 73' lang='grc' dir='ltr'>Α-,..1...,...</span> <span class='ocrx_word' id='word_1_852' title='bbox 2508 4825 2758 4859; x_wconf 61' lang='grc' dir='ltr'>ἑ..-η.2’.....</span> 
     </span>
    </p>
   </div>
   <div class='ocr_carea' id='block_1_110' title="bbox 2109 4825 2785 4903">
    <p class='ocr_par' dir='ltr' id='par_1_114' title="bbox 2109 4825 2785 4903">
     <span class='ocr_line' id='line_1_125' title="bbox 2109 4825 2785 4903; baseline -0.003 -20"><span class='ocrx_word' id='word_1_853' title='bbox 2109 4860 2179 4872; x_wconf 87' lang='grc'><strong><em>--</em></strong></span> <span class='ocrx_word' id='word_1_854' title='bbox 2208 4834 2305 4883; x_wconf 88' lang='grc' dir='ltr'>Δεο</span> <span class='ocrx_word' id='word_1_855' title='bbox 2314 4827 2475 4901; x_wconf 83' lang='grc' dir='ltr'>μένου</span> <span class='ocrx_word' id='word_1_856' title='bbox 2506 4825 2785 4903; x_wconf 78' lang='grc' dir='ltr'>ῥυσθῆναι.</span> 
     </span>
    </p>
   </div>
   <div class='ocr_carea' id='block_1_111' title="bbox 2182 4911 3752 4992">
    <p class='ocr_par' dir='ltr' id='par_1_115' title="bbox 2182 4911 3752 4992">
     <span class='ocr_line' id='line_1_126' title="bbox 2182 4911 3752 4992; baseline -0.001 -22"><span class='ocrx_word' id='word_1_857' title='bbox 2182 4914 2423 4992; x_wconf 81' lang='grc' dir='ltr'>«Κύριε,</span> <span class='ocrx_word' id='word_1_858' title='bbox 2485 4913 2668 4989; x_wconf 85' lang='grc' dir='ltr'>Κύριε,</span> <span class='ocrx_word' id='word_1_859' title='bbox 2728 4911 2956 4988; x_wconf 84' lang='grc' dir='ltr'>δύναμις</span> <span class='ocrx_word' id='word_1_860' title='bbox 3013 4920 3118 4983; x_wconf 82' lang='grc' dir='ltr'>τῆς</span> <span class='ocrx_word' id='word_1_861' title='bbox 3196 4911 3477 4990; x_wconf 88' lang='grc' dir='ltr'>σωτηρίας</span> <span class='ocrx_word' id='word_1_862' title='bbox 3540 4934 3669 4986; x_wconf 85' lang='grc' dir='ltr'>μου.</span> <span class='ocrx_word' id='word_1_863' title='bbox 3726 4936 3752 4962; x_wconf 68' lang='grc' dir='ltr'>η</span> 
     </span>
    </p>
   </div>
   <div class='ocr_carea' id='block_1_112' title="bbox 2108 5003 2836 5079">
    <p class='ocr_par' dir='ltr' id='par_1_116' title="bbox 2108 5003 2836 5079">
     <span class='ocr_line' id='line_1_127' title="bbox 2108 5003 2836 5079; baseline 0.001 -19"><span class='ocrx_word' id='word_1_864' title='bbox 2108 5039 2178 5049; x_wconf 88' lang='lat'>-—</span> <span class='ocrx_word' id='word_1_865' title='bbox 2206 5005 2442 5079; x_wconf 89' lang='grc' dir='ltr'>Δύναμις</span> <span class='ocrx_word' id='word_1_866' title='bbox 2471 5003 2718 5073; x_wconf 85' lang='grc' dir='ltr'>σώζουσά</span> <span class='ocrx_word' id='word_1_867' title='bbox 2750 5024 2836 5077; x_wconf 88' lang='grc' dir='ltr'>με.</span> 
     </span>
    </p>
   </div>
   <div class='ocr_carea' id='block_1_113' title="bbox 2178 5089 3752 5169">
    <p class='ocr_par' dir='ltr' id='par_1_117' title="bbox 2178 5089 3752 5169">
     <span class='ocr_line' id='line_1_128' title="bbox 2178 5089 3752 5169; baseline -0.001 -22"><span class='ocrx_word' id='word_1_868' title='bbox 2178 5119 2209 5147; x_wconf 82' lang='grc' dir='ltr'>ι(</span> <span class='ocrx_word' id='word_1_869' title='bbox 2241 5092 2588 5155; x_wconf 90' lang='grc' dir='ltr'>Ἐπεσκίασας</span> <span class='ocrx_word' id='word_1_870' title='bbox 2619 5092 2707 5148; x_wconf 86' lang='grc' dir='ltr'>ἐπὶ</span> <span class='ocrx_word' id='word_1_871' title='bbox 2735 5094 2834 5162; x_wconf 79' lang='grc' dir='ltr'>τήν</span> <span class='ocrx_word' id='word_1_872' title='bbox 2864 5091 3103 5169; x_wconf 86' lang='grc' dir='ltr'>κεφαλήν</span> <span class='ocrx_word' id='word_1_873' title='bbox 3155 5112 3261 5166; x_wconf 90' lang='grc' dir='ltr'>μου</span> <span class='ocrx_word' id='word_1_874' title='bbox 3311 5089 3364 5146; x_wconf 89' lang='grc' dir='ltr'>ἐν</span> <span class='ocrx_word' id='word_1_875' title='bbox 3659 5111 3752 5146; x_wconf 83' lang='grc' dir='ltr'>πο·</span> 
     </span>
    </p>
   </div>
   <div class='ocr_carea' id='block_1_114' title="bbox 2108 5178 3753 5259">
    <p class='ocr_par' dir='ltr' id='par_1_118' title="bbox 2108 5178 3753 5259">
     <span class='ocr_line' id='line_1_129' title="bbox 2108 5178 3753 5259; baseline -0.004 -21"><span class='ocrx_word' id='word_1_876' title='bbox 2108 5182 2301 5257; x_wconf 87' lang='grc' dir='ltr'>λέμου.</span> <span class='ocrx_word' id='word_1_877' title='bbox 2342 5207 2364 5235; x_wconf 75' lang='grc' dir='ltr'>ι</span> <span class='ocrx_word' id='word_1_878' title='bbox 2413 5214 2482 5224; x_wconf 91' lang='lat'><strong><em>—</em></strong></span> <span class='ocrx_word' id='word_1_879' title='bbox 2529 5182 2616 5251; x_wconf 74' lang='grc' dir='ltr'>Μὴ</span> <span class='ocrx_word' id='word_1_880' title='bbox 2671 5180 2829 5255; x_wconf 90' lang='grc' dir='ltr'>μόνον</span> <span class='ocrx_word' id='word_1_881' title='bbox 2888 5179 3062 5257; x_wconf 86' lang='grc' dir='ltr'>βελῶν</span> <span class='ocrx_word' id='word_1_882' title='bbox 3111 5180 3203 5235; x_wconf 83' lang='grc' dir='ltr'>καὶ</span> <span class='ocrx_word' id='word_1_883' title='bbox 3255 5179 3449 5259; x_wconf 73' lang='grc' dir='ltr'>ξιφῶν³</span> <span class='ocrx_word' id='word_1_884' title='bbox 3482 5178 3631 5235; x_wconf 69' lang='grc' dir='ltr'>ἀλλὰ</span> <span class='ocrx_word' id='word_1_885' title='bbox 3673 5178 3753 5234; x_wconf 76' lang='grc' dir='ltr'>καὶ</span> 
     </span>
    </p>
   </div>
   <div class='ocr_carea' id='block_1_115' title="bbox 2106 5264 3748 5347">
    <p class='ocr_par' dir='ltr' id='par_1_119' title="bbox 2106 5264 3748 5347">
     <span class='ocr_line' id='line_1_130' title="bbox 2106 5264 3748 5347; baseline -0.003 -20"><span class='ocrx_word' id='word_1_886' title='bbox 2106 5271 2270 5342; x_wconf 76' lang='grc' dir='ltr'>αὐτῆς</span> <span class='ocrx_word' id='word_1_887' title='bbox 2312 5278 2411 5341; x_wconf 85' lang='grc' dir='ltr'>τῆς</span> <span class='ocrx_word' id='word_1_888' title='bbox 2462 5270 2701 5341; x_wconf 82' lang='grc' dir='ltr'>ἡλιακῆς</span> <span class='ocrx_word' id='word_1_889' title='bbox 2749 5264 3084 5347; x_wconf 80' lang='grc' dir='ltr'>προσϐολῆς,</span> <span class='ocrx_word' id='word_1_890' title='bbox 3119 5269 3287 5345; x_wconf 79' lang='grc' dir='ltr'>ἀθιγῆ</span> <span class='ocrx_word' id='word_1_891' title='bbox 3336 5270 3647 5345; x_wconf 78' lang='grc' dir='ltr'>τετήρηκάς</span> <span class='ocrx_word' id='word_1_892' title='bbox 3693 5287 3748 5339; x_wconf 83' lang='grc' dir='ltr'>με</span> 
     </span>
    </p>
   </div>
   <div class='ocr_carea' id='block_1_116' title="bbox 2105 5352 3746 5435">
    <p class='ocr_par' dir='ltr' id='par_1_120' title="bbox 2105 5352 3746 5435">
     <span class='ocr_line' id='line_1_131' title="bbox 2105 5352 3746 5435; baseline -0.004 -19"><span class='ocrx_word' id='word_1_893' title='bbox 2105 5365 2173 5435; x_wconf 80' lang='grc' dir='ltr'>τῇ</span> <span class='ocrx_word' id='word_1_894' title='bbox 2224 5362 2393 5434; x_wconf 80' lang='grc' dir='ltr'>σκέπῃ</span> <span class='ocrx_word' id='word_1_895' title='bbox 2440 5380 2534 5414; x_wconf 90' lang='grc' dir='ltr'>σου</span> <span class='ocrx_word' id='word_1_896' title='bbox 2607 5358 2901 5434; x_wconf 73' lang='grc' dir='ltr'>Ὀμολογῶ</span> <span class='ocrx_word' id='word_1_897' title='bbox 2944 5355 3002 5413; x_wconf 76' lang='grc' dir='ltr'>δὲ</span> <span class='ocrx_word' id='word_1_898' title='bbox 3041 5362 3138 5421; x_wconf 79' lang='grc' dir='ltr'>τὰς</span> <span class='ocrx_word' id='word_1_899' title='bbox 3186 5352 3618 5435; x_wconf 84' lang='grc' dir='ltr'>προσλαϐούσας</span> <span class='ocrx_word' id='word_1_900' title='bbox 3676 5356 3746 5411; x_wconf 82' lang='grc' dir='ltr'>εὖ·</span> 
     </span>
    </p>
   </div>
   <div class='ocr_carea' id='block_1_117' title="bbox 2107 5443 3746 5527">
    <p class='ocr_par' dir='ltr' id='par_1_121' title="bbox 2107 5443 3746 5527">
     <span class='ocr_line' id='line_1_132' title="bbox 2107 5443 3746 5527; baseline -0.003 -22"><span class='ocrx_word' id='word_1_901' title='bbox 2107 5450 2344 5527; x_wconf 88' lang='grc' dir='ltr'>εργεσίας</span> <span class='ocrx_word' id='word_1_902' title='bbox 2390 5448 2468 5511; x_wconf 86' lang='grc' dir='ltr'>εἷς</span> <span class='ocrx_word' id='word_1_903' title='bbox 2525 5446 2814 5522; x_wconf 79' lang='grc' dir='ltr'>ἀντίληψιν</span> <span class='ocrx_word' id='word_1_904' title='bbox 2871 5448 2963 5503; x_wconf 88' lang='grc' dir='ltr'>καὶ</span> <span class='ocrx_word' id='word_1_905' title='bbox 3022 5443 3098 5502; x_wconf 77' lang='grc' dir='ltr'>ἔτι</span> <span class='ocrx_word' id='word_1_906' title='bbox 3144 5446 3305 5502; x_wconf 80' lang='grc' dir='ltr'>αὐτὸν</span> <span class='ocrx_word' id='word_1_907' title='bbox 3358 5446 3746 5520; x_wconf 74' lang='grc' dir='ltr'>ἐπισπώμενος.</span> 
     </span>
    </p>
   </div>
   <div class='ocr_carea' id='block_1_118' title="bbox 2178 5534 3743 5613">
    <p class='ocr_par' dir='ltr' id='par_1_122' title="bbox 2178 5534 3743 5613">
     <span class='ocr_line' id='line_1_133' title="bbox 2178 5534 3743 5613; baseline -0.002 -22"><span class='ocrx_word' id='word_1_908' title='bbox 2178 5540 2327 5608; x_wconf 81' lang='grc' dir='ltr'>«Μή</span> <span class='ocrx_word' id='word_1_909' title='bbox 2385 5534 2610 5613; x_wconf 88' lang='grc' dir='ltr'>παραδῷ</span> <span class='ocrx_word' id='word_1_910' title='bbox 2678 5536 2864 5613; x_wconf 87' lang='grc' dir='ltr'>Κυρίε,</span> <span class='ocrx_word' id='word_1_911' title='bbox 2920 5537 3026 5592; x_wconf 81' lang='grc' dir='ltr'>ἀπὸ</span> <span class='ocrx_word' id='word_1_912' title='bbox 3103 5543 3205 5607; x_wconf 87' lang='grc' dir='ltr'>τῆς</span> <span class='ocrx_word' id='word_1_913' title='bbox 3286 5535 3582 5610; x_wconf 82' lang='grc' dir='ltr'>ἐπιθυμίας</span> <span class='ocrx_word' id='word_1_914' title='bbox 3657 5556 3743 5609; x_wconf 69' lang='grc' dir='ltr'>μου</span> 
     </span>
    </p>
   </div>
   <div class='ocr_carea' id='block_1_119' title="bbox 2107 5624 3743 5704">
    <p class='ocr_par' dir='ltr' id='par_1_123' title="bbox 2107 5624 3743 5704">
     <span class='ocr_line' id='line_1_134' title="bbox 2107 5624 3743 5704; baseline -0.002 -21"><span class='ocrx_word' id='word_1_915' title='bbox 2107 5625 2440 5704; x_wconf 79' lang='grc' dir='ltr'>ἁμαρτωλῷ.</span> <span class='ocrx_word' id='word_1_916' title='bbox 2492 5650 2520 5677; x_wconf 83' lang='grc'><strong>››</strong></span> <span class='ocrx_word' id='word_1_917' title='bbox 2573 5659 2639 5667; x_wconf 94' lang='lat'>——</span> <span class='ocrx_word' id='word_1_918' title='bbox 2688 5627 2809 5681; x_wconf 84' lang='grc' dir='ltr'>Απὸ</span> <span class='ocrx_word' id='word_1_919' title='bbox 2855 5633 2957 5696; x_wconf 82' lang='grc' dir='ltr'>τῆς</span> <span class='ocrx_word' id='word_1_920' title='bbox 3004 5625 3300 5699; x_wconf 85' lang='grc' dir='ltr'>ἐπιθυμίας</span> <span class='ocrx_word' id='word_1_921' title='bbox 3349 5628 3415 5695; x_wconf 79' lang='grc' dir='ltr'>ἦν</span> <span class='ocrx_word' id='word_1_922' title='bbox 3476 5624 3595 5702; x_wconf 78' lang='grc' dir='ltr'>ἔχει</span> <span class='ocrx_word' id='word_1_923' title='bbox 3647 5628 3743 5679; x_wconf 76' lang='grc' dir='ltr'>κατ’</span> 
     </span>
    </p>
   </div>
   <div class='ocr_carea' id='block_1_120' title="bbox 2108 5713 3737 5796">
    <p class='ocr_par' dir='ltr' id='par_1_124' title="bbox 2108 5713 3737 5796">
     <span class='ocr_line' id='line_1_135' title="bbox 2108 5713 3737 5796; baseline -0.003 -21"><span class='ocrx_word' id='word_1_924' title='bbox 2108 5719 2245 5796; x_wconf 85' lang='grc' dir='ltr'>ἐμοῦ</span> <span class='ocrx_word' id='word_1_925' title='bbox 2294 5717 2323 5773; x_wconf 90' lang='lat'>6</span> <span class='ocrx_word' id='word_1_926' title='bbox 2367 5713 2715 5793; x_wconf 83' lang='grc' dir='ltr'>ἁμαρτωλὸς,</span> <span class='ocrx_word' id='word_1_927' title='bbox 2771 5718 2847 5791; x_wconf 76' lang='grc' dir='ltr'><strong>μή</strong></span> <span class='ocrx_word' id='word_1_928' title='bbox 2892 5713 3147 5793; x_wconf 83' lang='grc' dir='ltr'>παραδῷς</span> <span class='ocrx_word' id='word_1_929' title='bbox 3197 5737 3267 5790; x_wconf 90' lang='grc' dir='ltr'>με</span> <span class='ocrx_word' id='word_1_930' title='bbox 3318 5714 3493 5791; x_wconf 75' lang='grc' dir='ltr'>αὐτῷ,</span> <span class='ocrx_word' id='word_1_931' title='bbox 3522 5713 3737 5772; x_wconf 65' lang='grc' dir='ltr'>τους-ἐπε</span> 
     </span>
    </p>
   </div>
  </div>
