3998 6470
228 502 364 562 1609
1420 503 1829 563 EXPOSl'l‘lO
1872 504 1873 508 “

2007 503 2376 563 PSALMOS.
3440 506 3597 565 1610

226 636 288 706 μὴ
335 636 739 710 παραχωρήσῃς
798 631 986 710 δρᾶσαί
1034 656 1084 689 τι
1118 634 1298 704 αὐτὸν,
1333 636 1405 688 ὢν
1457 633 1707 706 ἐπιθυμεῖ
1765 633 1840 695 εἷς
1872 637 1927 703 Α
1957 653 2049 708 ραν
2081 640 2349 707 περιοχῆς
2382 634 2504 708 περί
2550 633 2616 687 τὰ
2645 632 2808 710 χείλη
2864 655 2989 706 μου.
3024 659 3048 684 ››
3082 668 3149 676 --
3198 632 3455 704 Φυλακὴν
3505 637 3596 690 καὶ

224 721 321 796 ἐμέ.
1955 721 2116 798 θύραν
2180 720 2495 799 ἀσφαλείας,
2545 720 2712 798 ἤγουν
2786 721 3207 800 ἀσφαλίζουσαν,
3259 720 3471 799 εἷ’ρηκεν
3542 724 3603 779 ἐκ

282 810 712 888 «Διελογίσαντο
775 814 890 867 κατ’
960 811 1114 885 ἐμοῦ*
1177 813 1252 884 μὴ
1333 809 1695 888 ἐγκαταλίπῃς
1758 831 1842 882 με,
1953 809 2341 886 παραλλήλου,
2391 812 2488 880 τῆν
2537 811 2843 866 ἐπιστασίαν
2889 817 2986 866 τοῦ
3027 811 3170 873 νοός·
3226 809 3432 875 εἰδότος
3483 813 3602 869 τίνα

226 902 422 973 μήποτε
474 902 773 975 ὑψωθῶσιν.
830 926 858 954 n
906 933 975 944 —-
1028 900 1389 974 Ἐμελέτησαν
1439 902 1554 955 κατ’
1602 900 1736 972 ἐμοῦ
1795 899 1847 953 οἱ
1961 899 2053 972 μὲν
2113 897 2351 976 ἐκφέρειν
2404 903 2502 953 τοῦ
2551 899 2841 973 στόματος,
2871 900 2988 955 τίνα
3039 897 3096 954 δὲ
3143 901 3392 976 κατέχειν
3453 896 3604 956 ἔνδον

225 988 576 1066 ἁμαρτωλοί·
632 991 707 1064 μὴ
755 989 908 1063 ἐάσῃς
971 1011 1036 1062 με
1106 985 1433 1060 ἀϐοήθητον,
1473 987 1565 1044 ’ίνα
1625 990 1698 1062 μὴ
1760 987 1846 1042 ἐπὶ
1957 987 2156 1063 χρεών·
2211 991 2372 1042 τοῦτο
2418 985 2475 1041 δὲ
2523 987 2664 1049 θείας
2711 987 3021 1064 ἐπικουρίας
3078 984 3235 1064 ἔργον
3297 986 3426 1044 οἶδε·
3475 987 3601 1045 δυσ-

223 1076 372 1134 πλέον
406 1077 466 1132 ἐκ
491 1085 593 1147 τῆς
621 1085 734 1133 κατ’
763 1077 899 1151 ἐμοῦ
927 1078 1084 1148 νίκης
1117 1076 1561 1147 ἆλαζονεύσηται.
1957 1075 2209 1140 κάθεκτον
2293 1076 2396 1152 γὰρ
2449 1078 2482 1146 ἡ
2536 1076 2760 1151 γλῶσσα
2834 1076 2922 1132 καὶ
2989 1078 3022 1146 ἠ
3090 1077 3290 1148 ταύτης
3375 1077 3600 1135 εὐκολία

289 1190 314 1219 ‹‹
365 1169 428 1222 Ἠ
483 1165 692 1244 κεφαλή
765 1171 862 1221 τοῦ
918 1165 1279 1240 κυκλώματος
1326 1167 1522 1222 αὐτῶν.
1576 1190 1603 1218 ››
1653 1198 1722 1208 -
1778 1165 1848 1219 Τὸ
1958 1164 2184 1220 πολλῶν
2209 1170 2385 1220 κακῶν
2414 1165 2559 1220 αἰτία
2588 1165 2900 1235 καθέστηκε.

226 1255 500 1333 κεφάλαιον
557 1262 656 1324 τῆς
702 1254 1058 1325 κυκλωσάσης
1111 1276 1176 1328 με
1220 1255 1420 1324 ταύτης
1481 1251 1781 1322 ἐπιϐουλῆς
1812 1257 1847 1322 ἡ
2034 1277 2060 1303 ‹‹
2090 1255 2178 1322 Μὴ
2212 1251 2459 1327 ἐκκλίνῃς
2500 1255 2596 1323 τὴν
2637 1251 2859 1331 καρδίαν
2913 1275 3016 1327 μου
3065 1255 3141 1318 εἰς
3191 1253 3391 1331 λόγους
3439 1276 3610 1326 πονη-

231 1345 474 1420 μοχθηρὰ
554 1345 670 1399 κατ’
751 1343 886 1417 ἐμοῦ
983 1339 1271 1416 συμϐουλὴ
1353 1343 1525 1398 αὐτῶν
1610 1348 1848 1398 πεσεῖται
1962 1342 2080 1417 ρίας
2138 1346 2236 1397 τοῦ
2291 1343 2711 1421 προφασίζεσθαι
2770 1342 3063 1420 προφάσεις
3122 1343 3173 1398 ἐν
3235 1345 3602 1418 ἁμαρτίαις.»

229 1432 301 1486 ἐπ’
326 1431 538 1504 αὐτοὺς,
569 1432 658 1487 καὶ
691 1432 931 1509 ἆφανίσει
963 1431 1178 1493 αύτούς.
1962 1464 2029 1474 —
2076 1432 2164 1500 Μὴ
2215 1433 2630 1506 παραχωρήσῃ;
2681 1431 3009 1506 ἐκτραπῆναι
3067 1435 3165 1502 τήν
3219 1431 3440 1509 καρδίαν
3502 1456 3607 1508 μου

291 1525 636 1578 «Πεσοῦνται
697 1520 780 1576 ἐπ’
825 1521 1018 1583 αὐτοὺς
1077 1519 1352 1598 ἄνθρακες.
1414 1546 1441 1573 ››
1504 1554 1570 1563 -
1627 1521 1852 1596 Ἀνθρα-
1963 1519 2040 1582 είς
2102 1519 2377 1597 πονηροὺς
2433 1518 2756 1595 λογισμοὺς,
2816 1519 2950 1576 ὥστε
3025 1523 3113 1576 καὶ
3187 1522 3607 1601 προφασίζεσθαι

224 1631 309 1673 κας
357 1609 657 1686 ἐμπυρίους
701 1610 800 1678 τὴν
862 1608 1122 1680 θεήλατον
1176 1609 1445 1685 τιμωρίαν
1499 1608 1684 1685 εἷ’ρηκε
1739 1614 1851 1665 νῦν.
1962 1609 2256 1687 προφάσεις
2290 1609 2341 1664 ἐν
2391 1613 2468 1681 τῷ
2526 1611 2848 1686 ἁμαρτάνειν
2904 1610 2979 1671 ὡς
3035 1613 3135 1680 τῆς
3195 1611 3288 1683 μὲν
3354 1613 3609 1690 πορνείας

291 1722 315 1749 (ι
347 1700 431 1754 Ἐν
481 1699 610 1775 πυρὶ
659 1693 983 1761 καταϐαλεῖς
1049 1698 1260 1760 αύτούς.
1312 1723 1339 1750 ››
1397 1731 1466 1740 —
1523 1700 1607 1752 ’Ev
1665 1695 1854 1752 ταλαι-
1965 1698 2133 1752 αἰτίαν
2166 1699 2417 1773 ἡγεῖσθαι
2445 1699 2544 1767 τὴν
2595 1698 2710 1774 βίαν
2750 1701 2850 1767 τῆς
2901 1698 3208 1773 ἐπιθυμίας,
3239 1707 3342 1770 τῆς
3396 1700 3613 1771 κλοπῆς

222 1793 551 1862 πωροποιοῖς
607 1788 896 1858 κακώσεσι,
943 1789 1033 1843 καὶ
1091 1788 1152 1842 ού
1209 1789 1285 1860 μὴ
1337 1788 1668 1862 ὑπενέγκωσι
1723 1786 1852 1842 ταύ-
1965 1785 2022 1842 δὲ
2050 1789 2148 1856 τήν
2201 1795 2301 1859 τῆς
2361 1785 2564 1848 ἐνδείας
2624 1786 2852 1863 ἀνάγκην
2911 1789 3001 1843 καὶ
3057 1787 3244 1843 ἄλλων
3305 1792 3610 1866 ἁμαρτιῶν,

221 1898 314 1947 της
345 1874 434 1931 διὰ
465 1873 826 1954 σφοδρότητα.
1964 1873 2108 1930 ἄλλα
2131 1873 2366 1930 τίνεσθαι
2396 1873 2562 1948 αἷίτια,
2596 1877 2685 1930 καὶ
2719 1877 2794 1949 μὴ
2831 1877 2894 1931 τὸ
2935 1876 3135 1952 κυρίως
3184 1874 3354 1933 αἶ’τιον
3405 1877 3612 1952 ὁμολο-

290 1988 317 2016 ‹‹
365 1965 532 2041 ’Δνήρ
579 1961 917 2070 γλωσσιῶδης
969 1964 1030 2018 οὐ
1070 1966 1549 2035 κατευθυνθήσεται
1601 1965 1688 2020 ἐπὶ
1753 1967 1851 2034 τῆς
1885 1969 2090 2070 Βγεῖν,
2121 1965 2220 2033 τὴν
2277 1964 2539 2040 ῥᾳθυμίαν
2598 1972 2697 2035 τῆς
2755 1969 2942 2041 ψυχῆς
2999 1965 3087 2021 καὶ
3138 1967 3238 2036 τὴν
3292 1966 3605 2043 αὐθαίρετον

222 2061 336 2130 γῆς.
387 2078 416 2107 ››
463 2087 530 2098 —
575 2055 673 2108 Τὸν
721 2048 1010 2130 ὑϐριστὴν,
1045 2054 1136 2108 τὸν
1189 2052 1426 2129 ἐριστήν,
1474 2054 1566 2108 τὸν
1619 2053 1856 2131 φλύαρον
1887 2048 1936 2070 ³³
1968 2052 2054 2107 ἐπὶ
2082 2053 2149 2108 τὰ
2180 2053 2359 2131 φαῦλα
2388 2055 2584 2130 ὁρμήν.

223 2143 282 2198 ού
310 2140 1140 2218 κατευοδωθῆναιγνωμολογεῖ.
2042 2141 2206 2196 «Σὺν
2283 2141 2586 2218 ἀνθρώποις
2667 2141 3050 2218 ἐργαζομένοις
3124 2145 3222 2213 τήν
3289 2145 3538 2217 ἀνομίαν.
3584 2169 3614 2197 ιο

294 2256 320 2284 ‹‹
351 2229 552 2306 Ἀνδρα
609 2228 791 2286 ἄδικον
854 2233 993 2286 κακὰ
1041 2230 1289 2307 θηρεύσει
1355 2231 1432 2293 εἷς
1489 2229 1799 2309 διαφθοράν.
1829 2255 1857 2283 ››
1969 2235 2171 2285 -Τοῦ
2214 2230 2634 2309 προφασίζεσθαι
2681 2233 2815 2303 μετὰ
2856 2236 2961 2286 τῶν
3013 2233 3356 2309 παρανόμων·
3404 2233 3609 2290 τούτων

223 2351 290 2363 --
314 2320 412 2375 T6v
447 2318 628 2375 ἄδικον
663 2317 830 2395 ἄνδρα
863 2322 931 2374 τὰ
977 2319 1114 2374 κακὰ
1153 2319 1348 2374 τούτου
1395 2316 1527 2395 ἔργα
1574 2319 1863 2395 ἀγρεύσου-
1971 2319 2072 2396 γάρ
2105 2319 2215 2374 ἐστι
2243 2321 2304 2374 τὸ
2334 2319 2751 2398 προφασίζεσθαι
2787 2321 2920 2393 μετὰ
2945 2323 3044 2391 τήν
3079 2323 3359 2398 ἁμαρτίαν.

225 2430 302 2463 σιν
356 2409 434 2471 εἷς
479 2407 779 2478 ἀπώλειαν,
809 2407 906 2463 οὐκ
948 2408 1026 2471 εἷς
1072 2408 1341 2483 σωτηρίαν
1388 2409 1527 2478 ὡςή
1561 2406 1696 2485 ἄγρα
1751 2413 1858 2464 τῶν
2048 2431 2069 2459 ε
2105 2407 2203 2462 Καὶ
2260 2407 2322 2461 ού
2382 2410 2456 2482 μὴ
2517 2405 2789 2463 σσνδυάσω
2849 2410 2982 2482 μετὰ
3034 2415 3142 2466 τῶν
3203 2409 3468 2467 ἐκλεκτῶν
3525 2411 3622 2467 αὗ-

229 2499 476 2572 μαθητῶν
504 2502 602 2552 τοῦ
630 2497 851 2573 Κυρίου.
1969 2500 2101 2551 τῶν.
2133 2522 2160 2549 ››
2193 2529 2260 2538 --
2291 2497 2388 2550 Καὶ
2419 2498 2464 2551 εἰ
2516 2499 2808 2572 βοηθήσεις
2868 2519 2983 2571 μοι,
3015 2499 3077 2554 ού
3143 2500 3217 2572 μὴ
3278 2499 3614 2556 συναυλισθῶ

295 2611 321 2637 ‹‹
350 2592 561 2662 ’Έγνων
590 2585 671 2640 ὅτι
702 2589 918 2658 ποιήσει
961 2586 1159 2661 Κύριος
1208 2588 1305 2656 τήν
1356 2586 1528 2660 κρίσιν
1567 2591 1664 2642 τοῦ
1719 2607 1864 2642 πτω-
1973 2582 2098 2639 οὐδὲ
2127 2584 2309 2646 αὐτοῖς
2337 2590 2453 2646 τοῖς
2486 2585 2810 2661 ὑπερέχουσι
2839 2593 2948 2641 τῶν
2983 2588 3329 2664 παρανόμων.

222 2680 329 2752 χοῦ
359 2677 449 2730 καὶ
473 2678 572 2744 τῆν
608 2673 762 2746 δίκην
789 2679 896 2730 τῶν
932 2677 1200 2746 πενήτων.
1234 2701 1262 2727 ››
1296 2710 1362 2718 —
1393 2676 1456 2729 Εἰ
1485 2676 1574 2730 καὶ
1628 2677 1702 2750 μὴ
1751 2680 1865 2747 νῦν,
2045 2697 2074 2725 α
2106 2671 2385 2728 Παιδεύσει
2447 2694 2513 2746 με
2578 2671 2782 2738 δίκαιος
2841 2675 2892 2730 ἐν
2947 2676 3085 2733 ἐλέει
3113 2679 3203 2732 καὶ
3236 2676 3437 2754 ἐλέγξει
3468 2699 3554 2752 με.
3589 2702 3617 2730 ››

223 2763 364 2820 ἀλλά
392 2787 453 2840 γε
498 2764 634 2820 κατά
677 2765 776 2834 τήν
831 2762 1134 2838 μέλλουσαν
1189 2766 1332 2834 ζωὴν
1392 2767 1608 2835 ποιήσει
1668 2764 1867 2841 Κύριος
1975 2794 2044 2804 ——-
2074 2761 2662 2838 Φιλανθρωπευόμενος
2709 2765 2810 2839 γὰρ
2859 2762 3132 2820 παιδεύσει
3184 2767 3212 2819 6
3262 2763 3488 2834 δίκαιος,
3517 2767 3616 2836 τήν

221 2855 460 2923 τὴντῶν
491 2851 1094 2926 καταδυναστευομένων
1127 2851 1425 2924 ἐκδίκησιν.
1978 2849 2244 2923 σωτηρίαν
2301 2854 2398 2904 τοῦ
2458 2849 2964 2925 πλημμελήσαντος
3033 2853 3294 2924 ἐκζητῶν.
3349 2854 3617 2931 Κρείττων

293 2941 498 3011 «Πλὴν
532 2940 1247 3017 δίκαιοιέξομολογήσονται
1268 2947 1346 3014 τῷ
1366 2941 1592 3016 ὀνόματί
1616 2963 1731 2998 σου.
1753 2966 1864 2993 ›)-
1977 2937 2068 2994 οὖν
2124 2940 2158 3008 ἠ
2217 2942 2314 2993 τοῦ
2371 2936 2578 2993 δικαίου
2632 2936 2848 2994 παιδεία
2902 2943 2990 2996 καὶ
3047 2943 3076 2996 6
3135 2941 3371 3018 ἐλεγμὸς
3417 2943 3454 3011 ἢ
3509 2946 3618 2998 τῶν

223 3030 376 3101 Πλὴν
425 3032 512 3087 καὶ
559 3039 660 3102 τῆς
711 3029 1039 3101 ἐκδικήσεως
1095 3028 1465 3105 βραδυνούσης
1498 3032 1551 3086 οἱ
1577 3029 1771 3086 δίκαιοι
1804 3031 1866 3086 ού
1978 3025 2322 3104 ἁμαρτωλῶν
2351 3028 2386 3097 ἡ
2420 3026 2816 3105 φιλοφροσύνη.

225 3117 796 3190 σκανδαλισθήσονται,
869 3117 996 3174 ἀλλ’
1079 3119 1528 3196 εύχαριστήσουσι
1611 3119 1700 3174 καὶ
1777 3119 1869 3174 οὕ·
2051 3141 2078 3168 ‹‹
2109 3119 2226 3171 ’Ὀτι
2278 3113 2354 3170 ἔτι
2408 3117 2442 3186 ἠ
2494 3119 2774 3193 προσευχή
2814 3138 2917 3191 μου
2949 3117 3001 3172 ἐν
3030 3123 3150 3181 ταῖς
3209 3116 3475 3182 εὖδοκίαις
3535 3119 3627 3175 αὖ-

222 3229 353 3280 τως,
384 3209 474 3264 καὶ
502 3210 890 3279 κατοικήσουσι
921 3207 1011 3262 σὺν
1047 3207 1153 3280 σοὶ,
1184 3208 1451 3280 τουτέσαι,
1482 3211 1550 3282 τῇ
1583 3211 1649 3282 σῇ
1681 3211 1870 3282 μνήμῃ
1976 3209 2104 3260 τῶν.
2157 3228 2186 3258 ››
2242 3238 2308 3247 -
2366 3204 2439 3260 Ού
2502 3205 2665 3278 μόνον
2721 3205 2900 3283 φεύγω
2955 3205 3082 3269 τοὺς
3140 3209 3484 3282 παρανόμους
3531 3207 3626 3264 καὶ

227 3296 554 3352 συνέσονται.
587 3295 720 3358 Τοὺς
752 3295 947 3358 αὐτοὺς
980 3292 1036 3349 δὲ
1065 3293 1210 3371 λέγει
1243 3293 1482 3358 δικαίους
1528 3295 1620 3351 καί
1667 3296 1865 3360 ούθεῖς.
1979 3293 2303 3367 ἀπωθοῦμαι
2333 3294 2431 3362 τὴν
2483 3293 2762 3368 θεραπείαν
2805 3293 2999 3366 αὐτῶν,
3034 3294 3158 3351 ἀλλ’
3204 3292 3280 3354 ἔτι
3318 3298 3408 3352 καὶ
3457 3317 3625 3371 προσ-

819 3422 1110 3476 ΨΑΛΜΟΣ
1151 3421 1276 3475 ΡΜι.
1902 3371 1944 3438 C
1976 3382 2218 3476 εύχομαι
2267 3384 2407 3476 κατα
2455 3388 2560 3437 τῶν
2588 3382 2894 3476 -.εὐδοκιῶη
2954 3380 3079 3453 ἤτοι
3129 3383 3402 3457 θελήσεων
3449 3385 3624 3446 αὐτῶν

360 3508 430 3563 K’
629 3509 654 3562 ἐ
692 3509 714 3562 ἑ
839 3471 1109 3526 -Ψ-Ἧλᾴ
1154 3471 1274 3526 Πλᾘ
1371 3508 1384 3528 ν
1440 3507 1450 3524 ι
1820 3531 1868 3544 ,,
1975 3471 2067 3526 ἵνα
2099 3473 2175 3545 μὴ
2204 3473 2524 3526 τελεσθῶσιν
2553 3472 2726 3527 αὗται.

407 3530 543 3563 υοιε.
657 3529 689 3563 κ
718 3510 883 3563 κοαξα
957 3528 1091 3563 ποος
1176 3530 1253 3563 σε.
1341 3507 1650 3563 εισακουσόν
1745 3529 1847 3563 ιιοδ
2307 3560 2316 3563 _
2563 3559 2575 3563 Α
2648 3562 2655 3563 7

301 3533 327 3561 ι(
360 3508 543 3586 Κύριε,
629 3509 883 3583 ἐκέκραξα
957 3509 1091 3583 πρὸς
1176 3509 1253 3578 σέ,
1341 3507 1650 3563 εἷσάκουσόν
1744 3529 1847 3582 μου

225 3596 502 3674 πρόσσχες
557 3599 626 3670 τῇ
685 3600 839 3674 φωνῇ
895 3603 996 3666 τῆς
1056 3594 1292 3667 δεήσεώς
1345 3617 1449 3670 μου
1478 3596 1528 3651 ἐν
1559 3601 1638 3668 τῷ
1680 3617 1870 3673 κεκρα-

221 3685 372 3762 γέναι
436 3705 501 3758 με
557 3685 691 3760 πρὸς
747 3683 820 3738 σέ.
859 3709 887 3736 ››
920 3717 988 3726 —
1029 3685 1086 3738 Ὁ
1143 3687 1428 3763 προφήτης
1485 3686 1574 3739 τὸν
1634 3685 1872 3760 παρόντα

2055 3584 2083 3612 (ι
2113 3560 2489 3631 Κατεπόθησαν
2559 3559 2818 3636 ἐχόμενοι
2899 3561 3096 3639 πέτρας
3153 3564 3206 3618 οἱ
3263 3564 3441 3640 κριταὶ
3527 3563 3623 3619 αύ-

1978 3654 2107 3707 τῶν.
2158 3674 2188 3702 ››
2227 3681 2299 3693 -
2357 3651 2781 3725 ’Δντιχρονικῶς
2841 3653 3304 3723 καταποθήσονται
3364 3654 3416 3706 οἱ
3475 3649 3632 3708 δυνά-

222 3772 445 3848 ψαλμὸν
473 3773 564 3827 καὶ
591 3773 682 3827 τὸν
724 3772 830 3849 πρὸ
881 3772 1044 3828 αὐτοῦ
1098 3773 1188 3828 καὶ
1234 3775 1322 3828 τὸν
1374 3775 1488 3847 μετ’
1537 3773 1717 3847 αὐτὸν,
1751 3771 1873 3828 διω-

219 3862 454 3936 κόμενος
488 3861 589 3915 ὑπὸ
630 3865 727 3915 τοῦ
759 3859 962 3934 Σαοὺλ,
996 3861 1308 3916 συντέθεικε.
1344 3863 1589 3938 Κραυγήν
1641 3860 1697 3917 δὲ
1748 3863 1869 3917 ὀνο-

225 3951 384 4025 μάζει
413 3951 510 4019 τὴν
542 3948 778 4004 ἐπίτασιν
807 3956 908 4019 τῆς
969 3951 1106 4026 πρὸς
1157 3950 1284 4005 Θεὸν
1341 3957 1532 4027 νοερᾶς
1565 3951 1870 4022 ἐντεύξεως.

304 4039 782 4107 «Κατευθυνθήτω
832 4040 868 4107 ἡ
924 4041 1204 4115 προσευχή
1287 4061 1394 4112 μου
1472 4039 1546 4102 ὡς
1627 4039 1874 4113 θυμίαμα

221 4126 456 4183 ἐνώπιόν
508 4147 622 4182 σου·
677 4124 895 4204 ἔπαρσις
944 4132 1048 4180 τῶν
1100 4132 1300 4204 χειρῶν
1366 4149 1470 4200 μου
1512 4128 1664 4183 θυσία
1717 4127 1874 4183 ἐσπε-

223 4219 374 4294 ρινή.
407 4242 436 4270 ι)
470 4249 539 4258 -
584 4212 947 4288 Εὐοδωθήτω,
1001 4216 1182 4294 φησὶν,
1215 4219 1250 4286 ἡ
1296 4219 1574 4293 προσευχή
1631 4239 1732 4291 μου
1781 4215 1874 4291 ἔμ-

221 4306 460 4382 προσθέν
521 4325 616 4359 σου
674 4304 748 4366 ὡς
807 4303 1054 4378 θυμίαμα
1108 4305 1196 4357 καὶ
1250 4305 1284 4374 ἧ
1343 4309 1449 4359 τῶν
1504 4310 1706 4381 χειρῶν
1770 4327 1873 4378 μου

222 4393 511 4456 ἀνάστασις
554 4394 629 4456 ὡς
679 4393 832 4457 θυσία
885 4392 1156 4468 ἐσπερινή.
1186 4397 1290 4447 Τοῦ
1353 4395 1444 4467 μὲν
1494 4398 1724 4467 νομικοῦ
1780 4396 1871 4448 θυ-

227 4485 506 4557 μιάματος
559 4483 596 4551 ἠ
655 4483 982 4559 προσαγωγή
1060 4479 1382 4544 πολυτελῶς
1461 4483 1550 4537 καὶ
1629 4488 1876 4560 καθαρῶς

220 4569 719 4643 κατεσκευασμένου
776 4570 864 4625 καὶ
916 4567 1280 4625 εύωδεστάτου
1327 4569 1693 4647 τυγχάνοντος
1754 4569 1874 4626 λίαν

222 4657 621 4736 εὐπρόσδεκτος
706 4656 878 4714 ἐδόκει
958 4664 1091 4731 Θεῷο
1179 4657 1274 4714 δύο
1349 4657 1406 4714 δὲ
1479 4661 1672 4714 θυσιῶν
1760 4660 1878 4714 καθ’

220 4748 457 4819 ἑκάστην
487 4746 854 4822 τελουμένων,
884 4755 985 4819 τῆς
1019 4750 1111 4822 μὲν
1163 4749 1416 4818 ἑωθινῆς,
1445 4756 1544 4818 τῆς
1605 4747 1662 4803 δὲ

223 4844 411 4912 ρινῆς,
459 4839 495 4907 ἠ
549 4838 799 4913 ἑσπερινή
871 4836 1170 4914 τιμιωτέρα
1224 4841 1322 4906 τῆς
1383 4840 1610 4907 ἑωθινῆς
1671 4837 1880 4914 ἐκρίνε-

217 4947 314 4999 το,
351 4927 425 4989 ὡς
458 4925 858 5002 ἐπισφράγισμα
884 4926 1091 4996 ταύτης
1120 4925 1209 4980 καὶ
1259 4934 1360 4996 τῆς
1419 4928 1685 5002 ἡμερινῆς
1743 4927 1880 4981 άπά-

222 5035 334 5086 σης
389 5015 696 5092 ἱερουργίας
752 5014 1114 5090 ἀπαρτισμός.
1146 5014 1310 5090 Λέγοι
1369 5011 1415 5069 δ’
1448 5014 1506 5070 ἂν
1565 5016 1653 5070 καὶ
1708 5014 1880 5077 οὕτως

224 5105 258 5158 6
324 5106 640 5182 Προφήτης·
688 5101 924 5158 Ἐλθέτω
981 5105 1097 5158 κατ’
1152 5103 1276 5158 εύθὺ
1334 5103 1423 5158 καὶ
1479 5101 1884 5178 ἀνεμποδίστως

222 5193 264 5261 ἠ
304 5194 585 5269 προσευχή
650 5213 752 5265 μου
809 5190 1106 5269 ἔμπροσθέν
1161 5213 1276 5263 σου,
1323 5191 1620 5262 τούτεστιν,
1669 5193 1743 5255 εἷς
1803 5193 1880 5265 σὲ,

223 5281 420 5359 ὥσπερ
481 5281 730 5355 θυμίαμα
785 5278 1150 5350 εὐωδιάζουσα
1205 5280 1295 5336 καί
1352 5280 1667 5354 ἀποδεκτέα,
1698 5283 1788 5337 καὶ
1846 5283 1880 5352 ἡ

220 5375 342 5427 τῶν
411 5375 614 5447 χειρῶν
691 5391 794 5444 μου
855 5368 1076 5446 ἔπαρσις
1137 5369 1291 5434 θυσία
1343 5366 1513 5433 ὅντως
1573 5370 1884 5446 λογισθήτω

219 5482 345 5533 σοι,
403 5459 493 5515 καὶ
569 5459 799 5535 γενέσθω
875 5457 1281 5535 εὐπρόσδεκτος.
1339 5461 1409 5514 Τὸ
1495 5457 1552 5514 δὲ
1630 5461 1881 5536 ἑσπερινὴ

213 5548 628 5625 προσκείμενον
684 5548 775 5602 τὸν
835 5548 1021 5622 καιρὸν
1084 5545 1166 5617 εἷή
1227 5547 1286 5602 ἂν
1344 5545 1548 5618 δηλοῦν
1607 5551 1722 5604 καθ’
1757 5550 1881 5619 ’ὸνή

210 5643 481 5716 παροῦσα
509 5634 761 5712 ψαλμικὴ
806 5634 988 5708 δέησις
1038 5639 1339 5692 συνεκτάσει
1390 5643 1590 5714 χειρῶν
1637 5643 1714 5710 τῷ
1772 5643 1887 5710 Θεῷ

214 5730 683 5808 προσενήνεκται.

316 5841 348 5874 (ι
377 5820 534 5888 Θεοῦ,
576 5815 759 5892 Κύριε,
792 5815 1040 5896 φυλακὴν
1087 5820 1169 5888 τῷ
1215 5813 1443 5891 στόματί
1489 5837 1615 5893 μου,
1648 5815 1737 5875 καὶ
1795 5817 1887 5885 θύ-

574 5947 838 6010 Pyram"
887 5947 996 6010 Gn.
1045 5945 1277 6015 CXLII.

1981 3760 2098 3794 σται
2156 3735 2548 3814 αὐτῶν,ήγουν
2610 3739 3064 3816 ἀφανισθήσονται
3122 3741 3174 3795 οἱ
3227 3739 3476 3796 δυνάσται
3535 3741 3628 3797 αύ-

1980 3834 2104 3884 τῶν.
2160 3829 2358 3902 Ἦγουν
2435 3829 2886 3905 ἀφανισθήσονται
2957 3826 3175 3905 ἔγγιστα
3229 3832 3450 3907 πέτρας,
3507 3852 3630 3887 του-

1978 3917 2124 3972 τέστι
2214 3915 2612 3992 παραπλησίως
2712 3917 2880 3994 πέτρα
2973 3919 3471 3992 καταποντιζομένη
3557 3922 3625 3989 ἧς

1982 4003 2132 4062 οὐδὲν
2169 4001 2322 4081 ἷάνος
2353 4002 2805 4078 ὑπολιμπάνεται.
3615 4001 3618 4004 ’

2056 4119 2082 4145 ‹‹
2142 4094 2281 4148 Ὡσεὶ
2330 4094 2508 4170 πάχος
2563 4101 2664 4170 γῆς
2733 4093 2936 4172 ἐρράγη
2997 4096 3085 4151 ἐπὶ
3123 4103 3223 4166 τῆς
3279 4104 3404 4169 γῆς.
3465 4122 3494 4150 ››
3554 4128 3625 4140 -

1983 4182 2225 4258 Καθάπερ
2300 4182 2482 4256 πάχος
2558 4181 2773 4258 ἀρότρῳ
2847 4181 3266 4259 διατεμνόμενον
3346 4185 3622 4262 ῥήγνυται.

1982 4269 2071 4324 καὶ
2153 4270 2528 4345 σκορπίσονται
2617 4269 2793 4325 ἐπάνω
2865 4279 2964 4342 τῆς
3017 4277 3138 4349 γῆς,
3189 4274 3330 4328 οὕτω
3376 4273 3444 4330 τὰ
3501 4279 3630 4329 οστᾶ

1983 4358 2158 4413 αὐτῶν
2191 4356 2766 4435 διασκορπισθήσονται
2818 4359 2869 4415 ἐν
2919 4366 2999 4433 τῷ
3053 4361 3227 4440 τάφῳ.
3261 4367 3464 4418 Τοῦτον
3521 4363 3626 4439 γὰρ

1985 4446 2262 4520 ὠνόμασεν
2291 4443 2442 4517 ᾅδην.
2476 4447 2661 4523 Εύχῆς
2719 4446 2775 4503 δὲ
2815 4446 3038 4522 δύναμιν
3100 4453 3213 4524 ἅμα
3263 4451 3353 4505 καὶ
3408 4470 3626 4529 προφη-

1981 4534 2126 4596 τείας
2157 4531 2343 4610 ἕχουσι
2372 4537 2440 4590 τὰ
2471 4535 2626 4611 ῥητά.

2056 4650 2083 4677 ››
2116 4624 2236 4678 Ἐπὶ
2268 4624 2352 4678 σοὶ
2382 4621 2611 4698 ἤλπισα,
2649 4626 2724 4698 μὴ
2758 4625 3045 4700 ἀντανέλῃς
3074 4627 3172 4695 τὴν
3214 4629 3397 4702 ψυχήν
3431 4648 3554 4700 μου.
3591 4651 3620 4679 ››

1720 4711 1872 4803 ιέὲέέ-
1905 4742 1954 4807 D
1986 4745 2055 4807 —_
2080 4713 2174 4780 Μὴ
2207 4711 2402 4807 ἀνέλῃς
2441 4714 2573 4807 τὴν,
2601 4716 2784 4807 ψυχήν
2850 4735 2976 4807 μου,
3006 4712 3176 4807 ἤγουν
3232 4716 3350 4790 ἐμέν
3381 4716 3626 4807 τοιτέστι

1992 4802 2067 4874 μὴ
2098 4805 2506 4878 παραχωρήσῃς
2550 4802 2891 4878 ἀναιρεθῆναί
2941 4824 3004 4873 με
3067 4803 3168 4857 ὑπὸ
3223 4808 3328 4859 τῶν
3392 4804 3620 4880 ἐχθρῶν.

1988 4891 2051 4943 Ἡ
2083 4887 2140 4944 δὲ
2193 4889 2306 4944 ἀντὶ
2343 4891 2590 4964 πρόθεσις
2647 4891 2825 4968 ὥσπερ
2884 4891 3155 4955 πολλάκις
3210 4893 3476 4948 κάνταῦθα
3521 4913 3626 4948 πα-

1992 4976 2191 5054 ρέλκει.
2225 4984 2488 5034 Νοοῦνται
2519 4977 2576 5033 δὲ
2625 4981 2715 5035 καὶ
2769 4981 2868 5049 τήν
2927 4981 3029 5036 ὑπὸ
3089 4979 3360 5055 δαιμόνων
3421 4983 3630 5059 ἀναίρε-

1991 5089 2071 5121 σιν
2106 5068 2452 5143 ἀπευχόμενα
2479 5069 2544 5123 τὰ
2575 5067 2730 5145 ῥητά.

2062 5180 2091 5208 ‹‹
2123 5161 2412 5211 Πεσοῦνται
2465 5157 2514 5211 ἐν
2567 5153 2970 5235 ἀμφιϐλήστρῳ
3042 5158 3212 5215 αὐτῶν
3270 5161 3323 5215 οἱ
3381 5161 3636 5236 ἀμαρτω-

1992 5244 2103 5302 λοί.
2135 5271 2162 5298 )›
2206 5278 2272 5288 --
2303 5246 2595 5300 Πεσοῦνταί
2625 5251 2702 5318 τῷ
2731 5243 2933 5319 δικτύῳ
2955 5254 3054 5318 τῆς
3095 5249 3211 5303 κατ’
3260 5247 3397 5323 ἐμοῦ
3452 5249 3630 5304 αὐτῶν

1992 5355 2054 5388 συ
2060 5340 2218 5404 σκευῆ
2227 5355 2251 5396 ς
2258 5378 2271 5391 .

2067 5446 2094 5474 ‹‹
2124 5425 2268 5477 Κατὰ
2323 5418 2490 5497 μόνας
2546 5423 2658 5496 εἷμί
2719 5422 2823 5499 ἐγὼ
2877 5421 2982 5488 ἕως
3042 5424 3104 5481 οῦ
3159 5427 3436 5504 παρέλθω.
3487 5452 3516 5480 ››
3564 5459 3633 5470 —-

1991 5513 2393 5586 Μεμονωμένος
2456 5511 2569 5585 εἰμί
2624 5513 2712 5566 ἀπ’
2768 5511 2941 5567 αὐτῶν
3001 5515 3089 5570 καὶ
3159 5517 3463 5594 ἀναστροφῇ
3546 5514 3636 5570 καὶ

1992 5602 2304 5677 προαιρέσει
2341 5602 2538 5677 μέχρις
2568 5599 2626 5655 ἂν
2659 5601 2938 5660 ἀποθάνω.

2552 5731 2845 5781 ΨΔΛΜΟΣ
2885 5730 3062 5785 ΡΜΑ’.

2068 5839 2098 5871 ‹‹
2129 5813 2402 5882 Συνέσεως
2449 5819 2529 5893 τῷ
2585 5812 2746 5872 Δαυὶδ
2801 5815 2852 5872 ἐν
2911 5821 2990 5889 τῷ
3047 5817 3180 5872 εἶναι
3239 5816 3396 5872 αὐτὸν
3448 5814 3501 5870 ἐν
3562 5819 3642 5891 τῷ

3283 5948 3357 6004 51
