3998 6438
458 474 607 535 1611

456 601 711 675 σπηλαίῳ
766 601 1070 677 προσευχή.
1102 624 1129 651 ››
1162 633 1229 642 -
1260 598 1541 669 Σπήλαιον
1584 596 1731 674 λέγει
1776 599 1839 653 τὸ
1870 596 2094 654 διπλοῦν
2127 601 2184 666 Α

456 687 594 747 ὅπου
639 690 850 769 φεύγων
896 690 988 744 τὸν
1042 686 1221 743 Σαοὺλ
1249 689 1278 743 6
1309 684 1470 742 Δαυῖδ
1529 685 1797 757 ηὺλίσατο
1847 686 1983 741 κατά
2036 687 2099 740 τὸ

457 774 755 856 ἐνδότερονο
817 778 930 833 εἶτα
984 776 1396 855 παρερχόμενος
1451 776 1480 829 6
1520 773 1725 848 Σαοὺλ,
1763 776 2100 845 κατεσκήνω-

1710 468 2130 530 NICEPHORI
2173 467 2609 531 BLEMMIDIE

3663 475 3783 533 1612

2285 623 2311 648 ‹‹
2354 601 2471 653 Ὅτι
2532 598 2594 653 ού
2652 596 3066 670 δικαιωθήσεται
3125 598 3353 653 ἐνώπιόν
3410 620 3500 653 σου
3552 606 3787 670 πᾶς“ζῶν.

2208 720 2278 728 —
2306 690 2425 743 "On
2481 687 2581 743 οὐκ
2636 688 3020 758 ἀθωωθήσεται
3077 694 3181 742 πᾶν
3241 688 3513 763 ἄνθρωπος
3540 685 3788 764 ἔμπροσθέν

2210 798 2304 831 σου
2364 783 2508 847 ζωῆς
2570 778 2873 853 μετασχών’
2907 774 3085 839 οὐδεὶς
3137 777 3243 852 γὰρ
3294 776 3476 849 ἀξίως,
3506 778 3558 832 ἃν
3612 778 3794 856 εὐηργέ-

456 889 543 924 σεν
602 867 655 924 ἐν
709 872 791 941 τῷ
847 866 1091 942 ἐξωτέρω
1148 866 1376 943 ἀγνοῶν.
1410 863 1579 926 Γνοὺς
1629 861 1686 919 δὲ
1735 865 1764 918 ὁ
1796 860 1958 919 Δαυῗδ
2015 862 2098 919 ὅτι
2205 887 2364 936 τηται
2396 867 2543 943 παρὰ
2571 872 2689 935 σοῦ,
2718 869 2814 929 τὰς
2850 867 2943 929 σὰς
2975 865 3230 944 ἐφύλαξεν
3260 864 3500 929 ἐντολάς,

457 954 861 1035 συγκέκλεισται
887 960 1110 1011 τοιαῦτα
1136 954 1498 1031 προσηύξατο.

534 1070 562 1097 ‹‹
593 1050 760 1121 Φωνῇ
795 1067 898 1120 μου
926 1045 1062 1122 πρὸς
1088 1043 1283 1120 Κύριον
1310 1041 1582 1117 ἐκέκραξα,
1624 1046 1777 1120 φωνῇ
1811 1063 1915 1114 μου
1962 1040 2098 1116 πρὸς

457 1136 654 1213 Κύριον
695 1132 943 1206 ἐδεήθην.
992 1159 1021 1185 ››
1064 1165 1135 1175 —
1186 1133 1381 1201 Φωνήν
1439 1132 1736 1206 κράζουσάν
1793 1151 1922 1206 φησι
1980 1129 2100 1185 κάν-

454 1230 627 1290 ταῦθα
650 1225 749 1293 τὴν
781 1229 878 1279 τοῦ
904 1225 1030 1286 νοὸς
1055 1221 1305 1277 σύντονον
1338 1218 1543 1276 ἔντασιν
1586 1222 1721 1297 πρὸς
1752 1219 1902 1276 θεόν.

532 1339 561 1367 ‹‹
591 1317 801 1390 Ἐκχεῶ
856 1312 1085 1367 ἐνώπιον
1142 1310 1306 1366 αὐτοῦ
1360 1312 1459 1379 τήν
1516 1307 1696 1379 δέησίν
1759 1307 1883 1381 μού.
1946 1332 1974 1360 ››
2031 1340 2101 1349 -·

458 1403 791 1474 Ἔκκενώσω,
817 1394 1130 1477 προσθήσω.

530 1516 560 1543 ‹‹
590 1492 674 1547 Ἐν
731 1495 810 1563 τῷ
864 1487 1128 1544 ἐκλείπειν
1179 1488 1229 1561 ἐξ
1287 1489 1423 1562 ἐμοῦ
1480 1488 1543 1543 τὸ
1589 1489 1801 1560 πνεῦμά
1853 1508 1976 1559 μου,
2007 1485 2097 1540 καὶ

457 1580 521 1636 σὺ
561 1577 727 1657 ἔγνως
771 1579 868 1642 τὰς
918 1574 1141 1655 τρίϐους
1203 1599 1327 1651 μου.
1362 1603 1388 1629 n
1435 1611 1500 1619 —
1546 1582 1721 1631 Ταῦτα
1774 1579 1990 1647 ποιήσω
2048 1574 2098 1628 ἐν

454 1675 536 1742 τῷ
565 1667 887 1726 κινδυνεύειν
918 1666 1043 1737 ἤτοι
1074 1667 1452 1737 ἀποθνήσκειν.
1488 1664 1563 1720 Σὺ
1602 1663 1680 1735 δὲ,
1713 1666 1894 1741 Κύριε,
1930 1661 2095 1739 ἔγνως

454 1759 548 1821 τὰς
579 1756 740 1821 ὁδοὺς
765 1760 866 1827 τῆς
908 1756 1188 1818 πολιτείας
1251 1776 1374 1829 μουο
1431 1753 1598 1829 μηδὲν
1657 1756 1759 1830 γὰρ
1818 1751 2098 1823 ἠδικηκὼς

452 1846 582 1911 τοὺς
615 1841 1067 1908 ἐπιϐουλεύοντας
1099 1846 1272 1919 μάτην
1303 1841 1597 1899 κινδυνεύω
1628 1840 1716 1898 διὰ
1745 1843 1962 1921 φθόνον.

2282 980 2311 1006 ‹‹
2340 958 2458 1011 Ὅτι
2506 953 2820 1026 κατεδίωξεν
2850 957 2878 1009 6
2909 955 3106 1032 ἐχθρὸς
3158 957 3258 1024 τήν
3318 959 3496 1032 ψυχήν
3564 979 3674 1031 μου.
3700 984 3798 1009 n—

2207 1043 2279 1098 T6
2332 1045 2425 1117 μὲν
2484 1041 2940 1119 προηγησάμενον
2995 1042 3078 1098 ὅτι
3136 1042 3524 1118 αἰτιολογικὸν,
3572 1050 3709 1101 τοῦτο
3754 1044 3799 1102 δὲ

2210 1129 2629 1208 διηγηματικόν
2688 1130 2884 1209 ἐχθρὰς
2945 1129 3002 1187 δὲ
3050 1130 3143 1187 καί
3198 1134 3227 1186 6
3285 1127 3629 1206 Ἀϐεσσαλὼμ
3664 1135 3798 1189 καἶὸ

2212 1216 2491 1284 διάϐολος.

2281 1335 2309 1360 ‹‹
2341 1309 2722 1366 Ἐταπείνωσεν
2782 1310 2857 1372 εἷς
2915 1318 3019 1387 γῆν
3076 1312 3173 1381 τήν
3216 1313 3361 1383 ζωήν
3398 1331 3520 1384 μου.
3550 1336 3577 1364 ››
3604 1345 3665 1353 -
3690 1318 3797 1367 Κατ-

2209 1400 2418 1473 έκαμψε
2448 1397 2670 1478 σφόδρα.

2282 1514 2309 1537 ‹‹
2341 1490 2586 1544 Ἐκάθισέ
2617 1510 2685 1562 με
2713 1488 2765 1544 ἐν
2810 1494 3107 1551 σκοτεινοῖς
3166 1489 3241 1552 ὡς
3289 1489 3505 1563 νεκροὺς
3562 1490 3749 1547 αἰῶνος.
3777 1516 3797 1540 υ

2207 1584 2389 1640 -Ὡς
2452 1577 2673 1652 νεκροὺς
2746 1578 3021 1651 αἰωνίους,
3080 1575 3205 1647 ἤτοι
3286 1577 3569 1647 παλαιοὺς,
3620 1574 3801 1635 ἐνέϐαλέ

2210 1687 2301 1739 μοι
2335 1666 2535 1737 σκότει,
2561 1665 2801 1721 τουτέστι
2834 1665 2954 1721 λίαν
2983 1666 3219 1745 ἐζόφωσε
3247 1667 3336 1721 τὸν
3386 1671 3509 1722 νοῦν
3568 1688 3661 1740 μου
3706 1673 3800 1728 ταῖς

2208 1753 2447 1829 θλίψεσι.

2280 1845 2438 1899 «Καὶ
2494 1843 2785 1916 ἠκηδίασεν
2841 1845 2921 1899 ἐπ’
2978 1842 3076 1919 ἐμὲ
3129 1846 3191 1899 τὸ
3242 1844 3455 1918 πνεῦμά
3511 1866 3627 1919 μου.
3679 1872 3702 1896 ››
3749 1878 3803 1887 -

528 1961 558 1990 ‹‹
590 1938 675 1992 Ἐν
731 1933 842 2008 ὁδῷ
894 1934 1062 2009 ταύτῃ
1208 1932 1546 2009 ἐπορευόμην
1605 1931 1836 2009 ἔκρυψαν
1894 1930 2099 2008 παγίδα
2128 1968 2175 2033 Β
2207 1933 2509 2007 Ἠθύμησεν
2542 1933 2594 1989 ἐν
2625 1933 2749 2007 ἐμοὶ
2778 1935 2813 2003 ἠ
2859 1936 3011 2009 ψυχή
3070 1955 3194 2033 μου,
3225 1933 3315 1988 καὶ
3372 1933 3688 2011 ἠμηχάνησε
3732 1934 3804 1988 καὶ

567 2071 580 2084 ,
615 2050 644 2079 ὶ)

461 2048 580 2102 μοι.
615 2050 644 2079 ὶ)
692 2059 762 2068 -—
824 2048 894 2079 LV
952 2048 1022 2098 τῃ
1080 2048 1192 2095 Οοῳ
1244 2048 1412 2097 ταυτῃ
1464 2048 1565 2092 της

459 2114 778 2177 ἐπελθόντες
802 2111 1122 2169 ἀπέκλεισάν
1160 2133 1253 2186 μοι
1281 2113 1379 2180 τὴν
1409 2109 1609 2182 ἔξοδον.

531 2228 559 2257 ‹‹
590 2203 883 2260 Κατενόουν
930 2201 1006 2266 εἰς
1061 2201 1128 2257 τὰ
1175 2198 1320 2271 δεξιὰ
1360 2201 1449 2256 καὶ
1498 2195 1820 2270 ἐπέϐλεπον,
1854 2200 1943 2256 καὶ
2002 2200 2100 2256 οὐκ

458 2296 527 2365 ἦν
560 2295 588 2349 6
615 2293 983 2370 ἐπιγινώσκων
1045 2311 1130 2363 με.
1164 2315 1190 2342 ››
1221 2323 1292 2332 ——
1330 2291 1422 2344 Ἐκ
1479 2293 1577 2344 τοῦ
1626 2286 1800 2360 δεξιοῦ
1840 2290 1941 2366 γὰρ
2003 2291 2098 2362 μέ-

458 2403 585 2461 ρους
616 2382 863 2439 εἰώθασιν
909 2382 960 2435 οἱ
1007 2378 1157 2459 φίλοι
1208 2379 1561 2456 παρίστασθαι
1616 2379 1705 2433 καὶ
1763 2385 2093 2454 συμμαχεῖν.

456 2470 820 2530 Ἀπεσκόπουν
877 2467 990 2539 οὖν,
1050 2469 1233 2546 φησὶν,
1294 2468 1369 2530 εἷς
1427 2468 1494 2522 τὰ
1551 2464 1717 2538 δεξιὰ,
1769 2466 1859 2522 καὶ
1919 2465 2097 2531 οὐδεὶς

455 2560 697 2636 γνωστὸς
726 2559 794 2628 ἦν
828 2557 1062 2633 βοηθῶν.

528 2673 556 2701 ‹‹
590 2646 869 2704 ’Δπώλετο
926 2646 1068 2725 φυγὴ
1128 2646 1219 2700 ἀπ’
1273 2643 1428 2718 ἐμοῦ,
1476 2644 1563 2700 καὶ
1614 2644 1713 2699 οὐκ
1759 2641 1897 2700 ἔστιν
1949 2646 1977 2699 ὁ
2017 2643 2099 2701 ἐκ·

460 2741 635 2809 ζητῶν
664 2737 764 2805 τὴν
815 2738 998 2813 ψυχήν
1030 2754 1154 2808 μου.
1180 2758 1207 2785 ››
1244 2767 1313 2775 -
1342 2732 1613 2804 Ἐξέλιπεν
1670 2734 1759 2787 ἀπ’
1817 2733 1952 2807 ἐμοῦ
2007 2733 2099 2788 καὶ

454 2827 518 2882 τὸ
575 2822 824 2881 δύνασθαί
884 2844 952 2897 με
1006 2827 1216 2902 φυγεῖν,
1246 2821 1337 2877 καὶ
1394 2821 1493 2877 οὐκ
1538 2820 1676 2877 ἔστιν
1738 2824 1765 2877 6
1820 2822 2097 2893 ἀναζητῶν

463 2936 530 2990 με
559 2913 698 2969 ὥστε
729 2913 981 2991 ῥύσασθαι
1005 2919 1107 2983 τῆς
1137 2911 1455 2987 καθείρξεως
1484 2915 1591 2966 τῶν
1626 2911 1802 2966 ἐθνῶν.

531 3002 818 3079 Ἐκέκραξα
865 3002 1001 3077 πρὸς
1059 3002 1135 3071 σὲ,
1190 3000 1371 3076 Κύριε’
1433 3000 1573 3055 εἶπα·
1630 2999 1705 3054 Σὺ
1745 3000 1794 3055 εἴ
1837 3002 1872 3070 ἠ
1941 2998 2098 3063 ἐλπίς

463 3113 587 3167 μου.
634 3126 703 3135 —
750 3091 1088 3167 Πανταχόθεν
1121 3088 1423 3152 ἀπελπίσας
1488 3089 1628 3162 εἶπα,
1660 3090 1736 3144 Σὺ
1798 3090 1960 3163 μόνος
2017 3088 2102 3145 ἐλ-

460 3180 553 3245 πίς
605 3202 730 3255 μου,
772 3178 834 3235 σὺ
897 3178 1060 3253 μόνος
1113 3178 1320 3253 κλῆρός
1382 3200 1485 3253 μου
1513 3178 1604 3233 καὶ
1639 3181 1849 3254 μετοχή
1886 3200 2012 3252 μου,
2044 3177 2096 3234 ἐν

457 3274 538 3342 τῷ
564 3269 850 3345 προσώπῳ
876 3275 977 3338 τῆς
1006 3275 1128 3344 γῆς,
1162 3264 1283 3322 ἔνθα
1312 3268 1363 3322 οἱ
1397 3272 1608 3337 ζῶντες.

532 3382 561 3411 (ι
609 3337 796 3413 ’Ῥῦσαί
822 3337 831 3342 ν
859 3337 939 3431 με
979 3337 1038 3412 ἐκ
1068 3337 1205 3413 τῶν
1284 3354 1586 3412 διωκόντων
1663 3379 1747 3430 με·
1808 3356 1889 3413 ὅτι
1948 3356 2098 3433 ἐκρα-
2128 3337 2171 3405 CI

1267 3480 1336 3488 -—
1386 3447 1474 3500 Ἐν
1537 3445 1755 3524 ἀφύκτῳ
1817 3468 1920 3520 μου
1978 3467 2102 3522 συγ-

453 3448 762 3519 ταιώθησαν
814 3446 945 3523 ὑπὲρ
1003 3444 1118 3520 ἐμέ.
1181 3471 1209 3497 ››

456 3535 820 3599 κλεισθέντος.

527 3625 840 3703 «Ἐξάγαγε
887 3625 947 3680 ἐκ
984 3623 1231 3704 φυλακῆς
1276 3625 1376 3693 τὴν
1436 3627 1622 3700 ψυχήν
1681 3645 1784 3698 μου
1836 3646 1930 3680 του
1982 3624 2096 3696 ἐξο-

457 3712 863 3792 μολογήσασθαι
914 3719 994 3787 τῷ
1055 3713 1280 3787 ὀνόματί
1340 3734 1455 3768 σου.
1508 3738 1536 3766 ››
1578 3714 1647 3755 4—
1700 3713 1952 3790 Ἐξάγαγέ
2008 3734 2094 3787 με,

450 3805 636 3883 φησὶν,
671 3802 731 3859 ἐκ
756 3808 853 3859 τοῦ
883 3803 933 3859 ἐν
964 3808 1043 3876 τῷ
1091 3801 1348 3876 σπηλαίῳ
1396 3800 1786 3879 συγκλεισμοῦ,
1817 3802 1956 3858 ὥστε
2008 3803 2091 3858 εύ-

449 3893 779 3971 χαριστῆσαί
807 3913 914 3951 σοι.

520 4006 551 4036 ‹‹
581 3981 860 4060 Πρόσσχες
935 3982 1036 4051 τὴν
1118 3979 1300 4053 δέησίν
1369 4002 1494 4054 μουο
1557 3980 1639 4037 ὅτι
1727 3981 2091 4053 ἐταπεινώθην

447 4069 732 4151 σφόδρα.»
766 4105 834 4114 -
879 4072 985 4141 Τὴν
1044 4067 1262 4139 πολλὴν
1320 4069 1615 4147 κακουχίαν
1673 4071 1763 4125 καὶ
1813 4070 2092 4126 ταλαιπω-

450 4159 567 4237 ρίαν
598 4159 675 4222 είς
704 4158 901 4214 ἱκεσίαν
932 4152 1325 4233 προϐάλλεται.

521 4270 550 4299 ‹‹
577 4248 709 4322 Ἐμὲ
767 4247 1122 4321 ὑπομενοῦσιν
1174 4246 1226 4301 οἱ
1280 4243 1478 4300 δίκαιοι
1524 4241 1629 4308 ’ἑως
1676 4245 1738 4300 οὔ
1780 4243 2090 4318 ἀνταποδῷς

447 4357 561 4412 μοι.
613 4362 641 4391 ››
697 4370 765 4379 -
822 4334 1071 4397 Ἀκύλας·
1134 4335 1264 4409 Ἐμὲ
1320 4338 1667 4408 περιμενοῦσι
1729 4331 1929 4389 δίκαιοι
1983 4330 2088 4397 ἕως

443 4427 505 4483 οὗ
535 4426 740 4501 ἀμείψῃ
798 4446 883 4499 με,
916 4423 1187 4480 τουτέστιν
1244 4422 1522 4497 ἐκκρεμεῖς
1565 4417 1775 4479 ἔσονται
1807 4425 1859 4478 οἱ
1890 4420 2089 4479 δίκαιοι

441 4514 525 4571 ἐπ’
582 4514 730 4589 ἐμοὶ,
781 4511 1186 4590 προσδοκῶντες
1238 4512 1319 4567 ἀεὶ
1372 4514 1472 4582 τὴν
1536 4511 1611 4573 εἷς
1658 4511 1754 4585 ἐμέ
1800 4534 1894 4567 σου
1936 4511 2085 4589 εὐερ-

437 4603 642 4681 γεσίαν,
701 4604 800 4672 τὴν
876 4609 976 4672 τῆς
1050 4601 1306 4671 τοιαύτης
1389 4621 1491 4675 μου
1564 4599 1939 4677 ταλαιπωρίας
1994 4601 2086 4656 καὶ

438 4695 716 4768 ὑπομονῆς
756 4689 1046 4747 ἀντίδοσιν’
1095 4686 1228 4767 ἔργα
1269 4691 1373 4766 γὰρ
1423 4691 1619 4765 ἀρετῆς
1676 4690 1738 4744 τὸ
1795 4695 1912 4752 τοῖς
1968 4687 2086 4745 ἀδί-
2115 4706 2160 4772 D

434 4804 544 4846 κως
588 4782 862 4858 πάσχουσι
914 4779 1198 4855 συναλγεῖν
1252 4780 1340 4835 καὶ
1388 4781 1485 4849 τήν
1538 4777 1806 4853 σωτηρίαν
1867 4778 2084 4834 ἐκείνων

434 4871 748 4949 λογίζεσθαι
778 4871 980 4926 ἑαυτῶν
992 4916 1004 4929 .

1001 4981 1296 5032 ΨΑΛΜΟΣ
1336 4981 1502 5031 PMB'.

507 5109 537 5138 ‹‹
566 5083 801 5159 Ψαλμὸς
826 5090 908 5159 τῷ
947 5081 1132 5154 Δαυ³ιδ,
1166 5082 1255 5139 ὅτε
1300 5080 1622 5138 καταδιώκει
1683 5081 1839 5137 αὐτὸν
1878 5077 2084 5153 νἈϐεσ-

432 5172 633 5248 σαλὼμ
670 5176 698 5230 6
729 5175 846 5238 υἱὸς
890 5173 1074 5230 αὐτοῦ.
1126 5172 1309 5247 Κύριε,
1341 5170 1647 5226 εἰσάκουσον
1694 5178 1794 5241 τῆς
1850 5191 2080 5247 προσευ-

432 5271 543 5343 χῆς
602 5283 726 5338 μου*
761 5262 1011 5319 ἐνώτισαι
1062 5264 1161 5331 τὴν
1212 5259 1392 5331 δέησίν
1449 5281 1571 5335 μου,
1612 5260 1663 5315 ἐν
1719 5263 1789 5335 τῇ
1850 5259 2082 5333 ἀληθείᾳ

433 5375 552 5411 σου.
604 5378 631 5406 ››
693 5385 762 5394 ——
817 5353 904 5415 Ὠς
962 5350 1195 5421 ἀληθής·
1257 5346 1567 5426 ἐπηγγείλω
1623 5349 1725 5424 γὰρ
1784 5348 2077 5405 εἰσακούειν

428 5448 537 5501 τῶν
574 5441 750 5519 ὀρθῶς
777 5439 1220 5515 ἐπικαλουμένων
1251 5460 1327 5497 σε.

502 5558 531 5588 α
563 5530 890 5589 Είσάκουσόν
945 5552 1051 5604 μου
1105 5529 1156 5585 ἐν
1201 5533 1270 5604 τῇ
1320 5525 1631 5601 δικαιοσύνῃ
1685 5548 1799 5582 σου.
1833 5552 1862 5580 ››
1893 5560 1962 5570 -
1991 5530 2078 5592 Ὧς

429 5625 521 5682 τὸν
556 5619 913 5696 ἀδικούμενον
945 5617 1168 5676 δικαιῶν
1180 5665 1192 5677 .

501 5712 656 5770 «Καὶ
720 5712 795 5785 μή
856 5707 1096 5785 ἐτ’σέλθῃς
1151 5709 1224 5771 εἷς
1283 5709 1456 5784 κρίσιν
1523 5707 1654 5781 μετὰ
1717 5712 1815 5763 τοῦ
1869 5706 2074 5764 δούλου

426 5828 540 5866 σου.
571 5830 600 5859 ››
630 5835 699 5848 —-
730 5802 818 5875 Μὴ
852 5798 1280 5880 δικαιολογηθῇς
1318 5799 1431 5874 μετ’
1463 5796 1621 5873 ἐμοῦ.

692 2059 762 2068 -—
809 2026 894 2079 ’Ev
952 2028 1022 2098 τῇ
1080 2021 1192 2095 ὁδῷ
1244 2021 1412 2097 ταύτῃ
1464 2029 1565 2092 τῆς
1623 2030 1802 2099 φυγῆς
1857 2022 2098 2100 κρυφίως
2128 2016 2175 2033 ³³
2208 2022 2545 2098 ἀπενάρκησε
2572 2026 2642 2097 τῇ
2671 2024 2767 2091 τῆς
2797 2019 2975 2093 λύπης
3011 2016 3313 2097 ὑπερϐολῇ.

2280 2137 2308 2163 ‹‹
2342 2112 2426 2166 Ἐν
2478 2111 2603 2183 ἐμοὶ
2661 2111 2931 2187 ἐταράχθη
2985 2111 3020 2180 ἠ
3073 2108 3266 2183 καρδία
3326 2132 3453 2183 μου.
3486 2136 3514 2163 ››
3561 2144 3625 2153 -
3667 2116 3803 2187 Copu-

2208 2194 2435 2270 ϐηθεῖσα
2461 2200 2552 2254 καὶ
2582 2194 2782 2276 προόη
2793 2205 2961 2263 θεῖσα.

2282 2290 2643 2361 «Ἐμνήσθην
2699 2290 2921 2364 ἡμερῶν
2974 2288 3235 2364 ἀρχαίων.
3268 2313 3294 2341 υ
3347 2322 3421 2330 -
3469 2291 3551 2344 Ἐν
3587 2291 3664 2352 αἷς
3716 2288 3805 2343 εὔα-

2209 2382 2407 2453 ρεστῶν
2439 2382 2517 2450 τῷ
2546 2382 2661 2450 Θεῷ
2692 2376 2874 2439 καλῶς
2900 2376 3193 2455 ἐφερόμην.

2280 2491 2307 2517 ι(
2342 2466 2674 2540 Ἐμελέτησα
2703 2465 2755 2521 ἐν
2786 2472 2917 2521 πᾶσι
2957 2467 3071 2529 τοῖς
3121 2465 3302 2541 ἔργοις
3348 2488 3470 2524 σου.
3518 2494 3545 2520 ››
3587 2501 3649 2509 -
3691 2472 3806 2520 Ἀνε-

2208 2555 2403 2611 λίττων
2462 2557 2589 2631 παρ’
2645 2554 2863 2628 ἐμαυτῷ
2916 2555 2981 2610 τὰ
3036 2557 3305 2629 θαυμάσια
3359 2557 3455 2611 καὶ
3498 2556 3806 2631 λογιζόμενος

2204 2644 2331 2706 τοὺς
2360 2643 2693 2725 παραδόξους
2724 2642 3134 2721 ἀπαλλαγέντας
3165 2649 3270 2699 τῶν
3303 2667 3367 2700 συ
3378 2651 3630 2724 μφορῶν.·

2281 2759 2307 2785 ‹‹
2343 2735 2428 2788 Ἐν
2487 2737 2759 2807 ποιήμασι
2816 2737 2925 2788 τῶν
2981 2738 3182 2809 χειρῶν
3241 2756 3337 2788 σου
3399 2732 3678 2807 ἐμελέτων.
3708 2757 3809 2784 ι)-

2207 2825 2293 2878 Ἐν
2351 2829 2465 2886 τοῖς
2526 2820 2979 2900 δημιουργήμασί
3038 2844 3132 2877 σου
3190 2818 3464 2899 διέτριϐον
3637 2824 3806 2896 μνήμῃ.

2209 2912 2307 2968 Καὶ
2340 2912 2597 2989 εὑρίσκων
2630 2911 2764 2967 αὐτὰ
2791 2911 3049 2988 προνοίας
3096 2918 3196 2981 τῆς
3244 2913 3337 2966 καὶ
3385 2914 3533 2989 παρὰ
3574 2916 3662 2966 σοῦ
3709 2932 3813 2984 τυγ-

2208 3003 2462 3079 χάνοντα,
2496 3001 2714 3064 εύελπὶς
2744 3002 2834 3071 ἦν·
2866 3000 2923 3056 νύ
2954 3000 3203 3077 περιόψει
3241 3022 3329 3074 με.

2280 3115 2309 3142 ‹‹
2340 3092 2402 3146 Ἡ
2432 3093 2582 3167 ψυχή
2622 3112 2723 3164 μου
2763 3091 2838 3154 ὡς
2886 3098 2955 3167 γῆ
3006 3087 3228 3167 ἄνυδρός
3287 3111 3398 3149 σοι.
3426 3116 3454 3143 ››
3486 3124 3554 3133 —
3580 3092 3638 3148 Ἡ
3687 3088 3809 3164 ψδχτξ

2212 3200 2315 3254 μου
2344 3179 2480 3258 πρὸς
2513 3181 2571 3234 σὲ
2612 3176 2822 3254 διψῶσα
2874 3178 3125 3254 βοηθείας
3180 3177 3253 3240 ὡς
3307 3187 3382 3254 γῆ
3446 3177 3661 3257 ἄνυδρος
3704 3178 3811 3253 πρὸς

2209 3268 2357 3323 ὑετὸν
2390 3265 2601 3342 διψῶσα
2628 3265 2842 3330 ὕδατος.

2282 3382 2310 3409 ‹‹
2340 3356 2487 3434 Ταχὺ
2546 3356 2855 3412 εῗσάκουσόν
2918 3379 3042 3431 μου,
3084 3359 3261 3436 Κύριε
3326 3356 3543 3429 ἐξέλιπε
3588 3360 3645 3412 τὸ
3692 3359 3816 3410 τινεῦ-

2212 3445 2285 3520 μά
2318 3467 2442 3519 μου.
2477 3469 2504 3497 )›
2536 3480 2606 3488 -
2635 3443 2930 3519 Ἔξέλιπεν,
2988 3445 3112 3503 ὅσον
3173 3445 3327 3503 οὔπω
3390 3449 3610 3526 ἀφῆκεν,
3666 3445 3706 3501 εἷ
3756 3444 3814 3518 μὴ

2206 3534 2419 3611 ταχέως
2448 3534 2695 3597 ἀκούσεις
2726 3556 2852 3608 μου.

2281 3649 2309 3676 ‹‹
2336 3626 2424 3694 Μὴ
2485 3620 2824 3701 ἀποστρέψῃς
2878 3625 2940 3680 τὸ
3004 3625 3298 3701 πρόσωπόν
3378 3647 3476 3682 σου
3549 3625 3634 3681 ἀπ’
3687 3623 3811 3697 ἐμοῦ·

2205 3712 2294 3768 καὶ
2328 3714 2755 3787 ὁμοιωθήσομαι
2784 3718 2899 3776 τοῖς
2952 3710 3371 3771 καταϐαίνουσιν
3434 3715 3510 3777 εἷς
3565 3713 3762 3770 λάκκον.
3791 3734 3811 3761 ιι

2204 3836 2274 3843 -
2303 3801 2403 3856 Καὶ
2432 3804 2733 3877 γενήσομαι
2766 3802 2893 3856 ὡσεὶ
2924 3803 3134 3880 νεκρός.

2277 3916 2305 3943 ‹‹
2337 3891 2623 3948 Ἀκουστὸν
2683 3890 2911 3961 ποίησόν
2971 3913 3063 3965 μοι
3120 3893 3182 3947 τὸ
3237 3893 3393 3969 πρωῒ
3440 3894 3504 3948 τὸ
3535 3890 3676 3952 ἔλεός
3722 3906 3813 3943 σου·

2204 3978 2286 4036 ὅτι
2319 3978 2407 4035 ἐπὶ
2438 3980 2524 4035 σοὶ
2553 3976 2787 4049 ἤλπισα.
2828 4006 2856 4034 ››
2890 4014 2958 4023 -
2985 3979 3343 4057 Ἐπάγγειλαί
3380 4004 3475 4057 μοι
3524 3981 3721 4056 ταχέως
3768 3976 3816 4030 τὸ

2199 4065 2355 4131 ἓλεός
2387 4090 2504 4125 σου.
3459 4057 3473 4071 ’

2272 4182 2301 4209 ‹‹
2334 4157 2603 4233 Γνώρισόν
2687 4179 2805 4230 μοι,
2858 4159 3040 4233 Κύριε,
3100 4156 3223 4215 ὁδὸν
3287 4160 3342 4214 ἐν
3494 4158 3813 4237 πορεύσομαι.

2199 4248 2317 4301 Ὅτι
2374 4246 2510 4322 πρὸς
2564 4247 2623 4302 σὲ
2672 4247 2780 4322 ἦρα
2834 4248 2931 4318 τήν
2981 4250 3163 4324 ψυχήν
3224 4270 3360 4321 μου.
3414 4275 3443 4301 ››
3498 4283 3565 4292 -
3614 4247 3814 4315 Ποίησον

2199 4333 2545 4410 ἐγνωσμένην
2600 4358 2693 4410 μοι
2740 4337 2839 4406 τὴν
2898 4335 3176 4392 πολιτείαν
3225 4339 3288 4407 ἣν
3339 4337 3426 4394 δεῖ
3480 4331 3816 4397 πολιτεύεσθαί

2202 4445 2285 4497 με.
2345 4430 2547 4479 Γνῶσιν
2606 4423 2665 4481 δὲ
2730 4425 2875 4502 λέγει
2945 4427 3042 4495 τήν
3120 4424 3463 4503 ἔμπρακτον,
3513 4429 3683 4492 καθὼς
3746 4422 3816 4478 καὶ

2197 4514 2542 4589 παρακατιών
2576 4535 2727 4592 φησι,
2763 4512 3017 4585 «Δίδαξόν
3071 4536 3136 4588 με
3189 4516 3253 4571 τὸ
3313 4516 3543 4591 θέλημά
3597 4537 3702 4587 σου,
3731 4513 3817 4586 οὐχ

2198 4601 2336 4657 ὥστε
2365 4600 2559 4657 εἰδέναι
2587 4600 2710 4657 ἀλλ’
2738 4601 2876 4658 ὥστε
2904 4609 3102 4660 ποιεῖν.
3134 4628 3162 4657 ››

2267 4714 2294 4741 ‹‹
2322 4692 2393 4746 Τὸ
2447 4692 2657 4765 πνεῦμά
2710 4713 2805 4747 σου
2860 4693 2921 4747 τὸ
2980 4693 3174 4768 ἀγαθὸν
3223 4692 3502 4770 ὁδηγήσει
3561 4716 3626 4769 με
3670 4692 3716 4747 ἐν
3762 4693 3816 4765 τῇ

2195 4780 2390 4852 εὐθείᾳ.
2425 4805 2452 4834 ››
2483 4814 2553 4823 --
2581 4782 2666 4836 Ἐν
2700 4779 2812 4854 ὁδῷ
2848 4781 3006 4857 ὀρθῇ.
3037 4783 3267 4855 Τοιαύτη
3308 4782 3371 4839 δὲ
3402 4787 3438 4856 ἠ
3490 4793 3589 4856 τῆς
3632 4784 3816 4857 ἀρετῆς.

2267 4873 2535 4925 «Ἕνεκεν
2589 4874 2684 4925 τοῦ
2744 4869 3011 4943 ὀνόματός
3068 4892 3185 4940 σου,
3234 4872 3429 4950 Κύριε,
3466 4877 3642 4946 ζήσεις
3696 4891 3815 4945 με.»

2198 4993 2261 5001 —-
2289 4958 2361 5013 Οὐ
2395 4956 2484 5013 διὰ
2511 4960 2608 5029 τὴν
2654 4957 2790 5031 ἐμὴν
2835 4959 3050 5035 ἀρετὴν,
3082 4959 3229 5016 ἀλλὰ
3273 4960 3369 5018 διὰ
3414 4964 3482 5019 τὸ
3530 4959 3696 5037 ὄνομά
3744 4980 3818 5015 σου

2194 5049 2529 5120 ζωοποίησόν
2593 5070 2680 5123 με,
2739 5051 3132 5127 νενεκρωμένον
3215 5049 3330 5124 ἤδη
3396 5060 3518 5117 ταῖς
3567 5051 3815 5127 ἁμαρτίαις

2190 5142 2331 5213 ὁμοῦ
2357 5139 2447 5194 καὶ
2474 5144 2593 5201 ταῖς
2622 5144 2946 5217 συμφοραῖς.

2262 5252 2291 5279 ‹‹
2325 5230 2408 5284 Ἐν
2441 5231 2507 5302 τῇ
2540 5225 2844 5302 δικαιοσύνῃ
2877 5249 2991 5287 σου.
3025 5250 3050 5283 ιι
3088 5264 3154 5273 ——-
3187 5232 3272 5285 Ἐν
3338 5238 3423 5305 τῷ
3482 5231 3716 5288 δικαιοῦν
3766 5247 3817 5302 με

2187 5318 2278 5373 τὸν
2312 5314 2691 5390 ἀδικούμενον.

2262 5410 2436 5462 ‹‹⁹Ὀτι
2491 5404 2599 5481 ἐγὼ
2657 5403 2852 5468 δοῦλός
2908 5408 3003 5463 σού
3061 5409 3198 5483 εἶμι.
3255 5434 3282 5463 ››
3351 5413 3603 5489 -Πρὸς
3656 5413 3707 5465 σὲ
3753 5407 3814 5462 ἁ.εὲ

2186 5496 2461 5571 κεχηνώς.

2754 5604 3049 5661 ΨΑΛΜΟΣ
3091 5608 3257 5663 PMI".

2260 5736 2287 5759 ‹‹
2319 5708 2553 5783 Ψαλμὸς
2580 5713 2658 5781 τῷ
2687 5706 2849 5763 Δαυίδ
2880 5710 3014 5785 πρὸς
3044 5711 3136 5764 τὸν
3188 5709 3420 5778 Γολιάθ.
3458 5744 3486 5768 υ
3522 5750 3591 5758 -—
3637 5722 3803 5787 Ἥγουτ

2185 5798 2272 5857 διὰ
2318 5800 2406 5855 τὸν
2464 5797 2683 5855 Γοιλάθ.
2715 5798 3152 5877 Εύχαριστήριος
3181 5801 3208 5855 6
3238 5800 3476 5879 ψαλμὸς
3524 5807 3657 5884 πρὸς
3709 5801 3805 5859 Θεὸν
