3998 6480
263 563 393 625 1613

263 785 471 848 πολλάς.

321 873 686 949 «Εὐλογητὸς
739 873 936 947 Κύριος
985 872 1014 925 6
1062 869 1190 932 Θεός
1243 890 1365 943 μου.
1421 894 1448 922 ››
1499 870 1555 922 '0
1604 868 1876 944 ῥυθμίζων

262 964 335 1020 καὶ
364 961 562 1020 εὐοδῶν
590 963 684 1025 τὰς
717 959 908 1038 χεῖράς
944 981 1048 1034 μου
1078 958 1131 1014 ἐν
1154 957 1462 1036 παρατάξει,
1496 955 1611 1027 ἤως
1635 957 1686 1012 ἐν
1709 961 1881 1031 καιρῷ

262 1053 606 1130 παρατάξεως.

327 1183 350 1211 ‹‹
376 1161 433 1214 'O
460 1156 727 1214 διδάσκων
775 1160 870 1220 τὰς
919 1157 1108 1234 χεῖράς
1162 1177 1266 1229 μου
1297 1157 1373 1218 είς
1412 1154 1725 1231 παράταξιν,
1755 1153 1882 1214 τοὺς

265 1247 546 1310 δακτύλους
598 1269 701 1321 μου
751 1247 826 1310 εἷς
875 1246 1140 1319 πόλεμον,
1171 1270 1200 1298 ››
1232 1263 1300 1287 -—'
1346 1246 1402 1299 '0
1455 1242 1718 1299 διδάσκων
1756 1242 1883 1304 τοὺς

265 1336 546 1399 δακτύλους
583 1357 686 1410 μου
719 1334 771 1390 ἐν
800 1338 974 1411 καιρῷ
1003 1332 1271 1407 πολέμου.

326 1441 570 1505 «Ἕλεός
625 1462 728 1515 μου
776 1442 866 1496 καὶ
917 1442 1196 1518 καταφυγή
1263 1461 1388 1514 μου.
1421 1465 1448 1492 ››
1480 1473 1548 1481 -
1597 1437 1882 1511 Ἐλεήμων

267 1532 362 1588 ἐστί
395 1554 486 1605 μοι
513 1530 603 1586 καὶ
630 1530 698 1585 τὰ
726 1527 913 1588 λοιπά.

327 1647 352 1674 ‹‹
380 1627 432 1676 '0
467 1619 778 1676 ὑποτάσσων
829 1620 918 1673 τὸν
967 1619 1095 1675 λαόν
1133 1641 1236 1692 μου
1281 1618 1362 1674 ἐπ’
1388 1618 1504 1692 ἐμέ.
1535 1645 1563 1670 ››
1605 1651 1674 1660 —-
1703 1619 1786 1672 Ἐν
1817 1619 1887 1691 τῇ

261 1716 354 1767 τῶν
385 1709 598 1766 οἰκείων
627 1709 726 1785 γὰρ
761 1709 1005 1784 ὑποταγῇ
1031 1708 1250 1778 πολλῆς
1277 1711 1412 1779 ἡμῖν
1442 1705 1524 1763 δεῖ
1550 1714 1648 1777 τῆς
1686 1707 1885 1762 ἄνωθεν

265 1801 448 1878 ῥοπῆς.

328 1888 564 1966 «Κύριε,
613 1887 665 1942 τί
709 1887 849 1943 ἐστιν
911 1887 939 1941 6
987 1885 1291 1963 ἄνθρωπος,
1344 1885 1425 1941 ὅτι
1477 1886 1754 1961 ἐγνώσθης
1796 1884 1890 1940 αὐ-

262 1984 332 2052 τῷ
384 1999 398 2049 ;
457 2005 485 2031 ››
538 2010 608 2019 --
663 1979 784 2031 Ὅτι
857 1974 1097 2050 ἐχαρίσω
1171 1976 1318 2048 αὐτῷ
1369 1976 1431 2030 τὸ
1497 1975 1777 2050 γινώσκειν
1835 1996 1892 2028 σε

265 2069 380 2126 Θεόν
391 2111 402 2122 .

333 2185 358 2212 ‹‹
387 2160 457 2214 Ἢ
505 2158 620 2219 υἱὸς
670 2156 971 2232 ἀνθρώπου,
1024 2155 1105 2209 ὅτι
1157 2154 1348 2230 λογίζῃ
1395 2154 1540 2226 αὐτῷ
1575 2173 1589 2223 ;
1623 2181 1650 2208 ››
1684 2188 1747 2196 —
1775 2157 1895 2210 Ὅτι

263 2247 488 2328 γνωρίζῃ
517 2247 663 2318 αὐτῷ
692 2245 848 2307 Θεός.
888 2246 981 2299 Ἐκ
1007 2241 1372 2321 παραλλήλου
1405 2241 1462 2297 δέ
1486 2265 1616 2322 φησι
1642 2245 1709 2299 τὰ
1738 2243 1892 2316 αὐτὰ,

269 2339 480 2415 μέγεθος
507 2340 586 2408 τῷ
617 2333 769 2410 λόγῳ
797 2334 1110 2409 περιτιθείς.

333 2469 360 2497 ‹‹
415 2445 733 2520 ’Ἀνθρωπος
788 2439 1105 2515 ματαιότητι
1164 2440 1452 2514 ὡμοιώθη.
1507 2465 1533 2492 ››
1585 2475 1652 2482 -
1701 2443 1798 2495 Διά
1834 2441 1894 2494 τὸ

264 2539 416 2608 σῶμα
463 2532 610 2607 λέγει
656 2535 843 2601 ταῦτα,
891 2529 980 2585 καὶ
1027 2530 1090 2585 τὸ
1146 2526 1312 2603 μηδὲν
1371 2532 1478 2584 τῶν
1545 2528 1893 2606 ἀνθρωπίνων

265 2624 390 2679 εἶναι
427 2616 664 2698 βέϐαιον.

332 2736 360 2764 ‹‹
392 2712 458 2768 Δὶ
506 2709 709 2786 ἡμέραι
765 2708 928 2764 αὐτοῦ
984 2707 1112 2762 ὠσεὶ
1171 2708 1295 2761 σκιά
1348 2705 1699 2783 παράγουσιν.
1749 2732 1778 2759 ››
1828 2741 1897 2749 -

262 2802 478 2876 Ταχέως
505 2798 893 2875 παρέρχονται.
927 2795 1032 2851 Κπὶ
1067 2795 1189 2851 ὅταν
1224 2792 1281 2850 δὲ
1310 2795 1573 2870 πάρεισιν,
1607 2793 1732 2851 οὐδὲ
1777 2797 1898 2870 μίαν

262 2890 416 2966 ἰσχὺν
444 2885 680 2964 ἔχουσιν,
713 2885 890 2961 ὥσπερ
924 2881 1035 2939 οὐδ’
1064 2887 1100 2954 ἡ
1134 2886 1276 2942 σκιά.

334 2995 572 3071 «Κύριε,
621 2991 804 3048 κλῖνον
848 2990 1102 3068 οὐρανοὺς
1150 2992 1238 3046 καὶ
1286 2986 1569 3063 κατάϐηθι·
1621 2989 1751 3066 ἅψαι
1789 2998 1896 3048 τῶν

266 3080 454 3161 ὀρέων,
512 3083 601 3138 καὶ
648 3083 1122 3151 καπνισθήσονται.
1183 3105 1210 3131 ››
1269 3114 1338 3122 —
1397 3081 1899 3157 Ἀνθρωποπρεπῶς

259 3173 423 3228 ταῦτά
452 3193 635 3251 φησιν,
675 3169 767 3225 ’ίνα
810 3167 898 3224 διὰ
945 3174 1052 3224 τῶν
1104 3163 1346 3246 φοϐερῶν
1395 3168 1599 3225 τούτων
1643 3168 1900 3246 ῥημάτων

259 3259 576 3334 καταπλήξῃ
603 3258 731 3321 τοὺς
759 3257 1166 3334 καταφρονητάς
1192 3262 1290 3312 τοῦ
1319 3263 1470 3313 Θεοῦ.

335 3393 361 3419 α
406 3369 714 3444 "Accpe:qu
770 3365 1069 3441 ἀστραπήν,
1125 3364 1214 3418 καὶ
1272 3369 1546 3438 σκορπιεῖς
1603 3365 1818 3428 αὐτούς.
1870 3390 1898 3417 )›

260 3491 328 3499 ...
383 3425 691 3531 ’¹Αστριαψ.ον
751 3425 1174 3528 ἀστραπήνΙκαὶ
1247 3425 1382 3528 βέλή
1439 3425 1539 3515 τὰς
1603 3425 1974 3524 θεηλάτουςα

258 3543 532 3620 τιμωρίας
580 3541 756 3599 καλεῖ.
805 3545 1064 3596 Νοοῦνται
1115 3539 1173 3595 δὲ
1217 3541 1284 3595 τὰ
1332 3540 1468 3617 ῥητὰ
1511 3541 1599 3597 καὶ
1645 3543 1768 3618 περὶ
1807 3551 1907 3613 τῆς

260 3634 489 3710 πρώτης
547 3635 644 3686 τοῦ
694 3629 891 3706 Κυρίου
949 3626 1288 3703 ἐπιδημίας,
1349 3631 1528 3692 καθὼς
1587 3629 1638 3685 ἐν
1707 3636 1787 3704 τῷ
1848 3637 1908 3701 ιζ’

262 3722 473 3797 ψαλμῷ
520 3719 922 3796 περιείληπται⁶
971 3718 1126 3773 κάκεῖ
1172 3719 1275 3793 γὰρ
1304 3716 1531 3781 κλίσεως
1562 3719 1789 3794 οὐρανοῦ
1819 3721 1907 3775 καὶ

263 3811 436 3886 ὀρέων
489 3809 578 3864 καὶ
637 3811 842 3863 καπνοῦ
896 3808 984 3862 καὶ
1047 3804 1221 3882 βελῶν
1270 3807 1358 3861 καὶ
1410 3808 1691 3882 ἀστραπῶν
1755 3809 1910 3883 μνεία

261 3899 472 3976 γέγονε.
523 3897 768 3967 Νοηίεῖεν
821 3893 866 3950 δ’
913 3896 970 3950 ἂν
1021 3901 1186 3950 ταῦτα
1231 3896 1319 3950 καὶ
1367 3897 1490 3972 περὶ
1530 3900 1627 3966 τῆς
1660 3895 1906 3971 δευτέρας

259 3993 362 4043 τοῦ
390 3990 623 4057 Χριστοῦ
648 3984 961 4062 παρουσίας.

336 4101 365 4129 (ί
393 4073 805 4146 Ἐξαπόστειλον
853 4075 920 4128 τὰ
973 4072 1106 4148 βέλη
1160 4095 1279 4146 σου,
1309 4075 1399 4128 καὶ
1444 4075 1780 4150 συνταράξεις
1811 4075 1904 4129 αὐ-

252 4165 410 4228 τοὺς.
445 4190 472 4218 ››
506 4197 574 4206 --
601 4165 706 4233 Τὴν
740 4160 1133 4233 ἀντιληπτικήν
1161 4183 1256 4216 σου
1289 4160 1533 4236 δύναμιν.

335 4252 571 4308 «Ῥῦσαί
624 4273 691 4326 με
737 4250 788 4322 ἐξ
838 4249 1042 4306 ὑδάτων
1094 4250 1342 4308 πολλῶν.
1375 4277 1403 4303 ››
1435 4286 1503 4293 ——
1551 4249 1748 4307 Ὕδατα
1787 4273 1908 4326 τρο·

253 4347 438 4404 πικῶς
468 4343 567 4410 τὴν
596 4339 848 4417 σύρῥοιαν
875 4345 983 4394 τῶν
1010 4338 1290 4412 πολεμίων
1323 4340 1506 4417 φησὶν.

337 4472 366 4498 ‹‹
400 4450 492 4502 Ἐκ
539 4447 727 4524 χειρὸς
767 4447 894 4500 υἱῶν
946 4443 1275 4522 ἀλλοτρίων.
1310 4470 1338 4498 ››
1385 4480 1453 4487 —
1502 4449 1703 4523 Ὥσπερ
1753 4448 1907 4511 υἱοὺς

253 4537 564 4612 ἀνθρώπων
612 4535 740 4598 τοὺς
800 4535 1118 4610 ἀνθρώπους
1175 4534 1354 4611 φησὶν,
1410 4533 1552 4589 οὕτω
1609 4536 1697 4590 καὶ
1755 4536 1904 4599 υἱοὺς

254 4623 574 4700 ἀλλοτρίων
622 4624 747 4686 τοῦς
798 4622 1122 4697 ἀλλοτρίους
1174 4621 1327 4698 λέγοι
1373 4623 1432 4677 ἂν
1473 4623 1602 4686 τοὺς
1641 4625 1902 4696 ἀπεξενω-

258 4717 462 4789 μένους
493 4713 655 4768 αὐτοῦ
685 4710 751 4768 δι’
781 4709 998 4788 ἔχθραν,
1023 4713 1058 4781 ἢ
1089 4713 1178 4766 καὶ
1232 4717 1328 4767 τοῦ
1379 4717 1511 4768 Θεοῦ
1563 4710 1652 4768 διὰ
1678 4715 1770 4776 τὰς
1799 4735 1900 4768 πα-

255 4825 395 4881 ρανο
405 4803 526 4878 μίας
561 4802 753 4857 αὐτῶν.

341 4916 372 4944 ‹‹
403 4895 496 4947 Ὧν
541 4892 605 4946 τὸ
653 4891 829 4964 στόμα
875 4888 1113 4961 ἐλάλησε
1159 4890 1512 4963 ματαιότητα.
1549 4916 1576 4943 ››
1610 4926 1678 4934 -
1706 4889 1915 4954 Ψεῦδος

273 4981 377 5036 καὶ
390 4975 677 5050 διαϐολήν.

342 5093 374 5121 ‹‹
427 5069 526 5124 Καὶ
580 5071 615 5138 ἡ
678 5066 822 5138 δεξιᾶ
878 5067 1051 5122 αὐτῶν
1114 5065 1257 5137 δεξιά
1308 5067 1534 5131 ἀδικίας.
1590 5096 1616 5122 ››
1668 5104 1736 5111 -
1790 5068 1917 5147 Χεῖρ

256 5155 483 5220 ἀδικίας
513 5161 548 5227 ἡ
581 5158 920 5234 ἐργαζομένη
951 5159 1050 5226 τήν
1079 5155 1312 5215 ἀδικίαν.

342 5272 374 5300 ‹‹
406 5253 460 5301 Ὀ
517 5247 671 5313 Θεὸς,
733 5245 880 5318 ᾠδὴν
939 5247 1130 5316 καινὴν
1185 5244 1386 5320 ᾄσομαί
1446 5269 1549 5306 σοι.
1600 5274 1628 5301 ››
1681 5282 1750 5290 --
1797 5247 1918 5303 Ἐπὶ

251 5333 362 5406 νέᾳ
419 5334 690 5411 εὐεργεσίᾳ
765 5335 880 5389 νέαν
952 5333 1041 5388 καὶ
1111 5334 1210 5403 τὴν
1279 5335 1695 5411 εὐχαριστήριον
1771 5332 1918 5408 ᾠδὴν

252 5423 387 5497 ᾅσω
418 5445 524 5479 σοι.

342 5538 373 5567 ‹‹
409 5515 492 5568 Ἐν
546 5510 838 5587 ψαλτηρίῳ
876 5508 1196 5587 δεκαχόρδῳ
1239 5509 1398 5587 ψαλῶ
1448 5534 1552 5569 σοι.
1586 5539 1614 5566 ››
1647 5547 1713 5554 -
1761 5516 1919 5568 ’Όταν

251 5610 446 5660 πᾶσαν
504 5598 750 5673 αἴσθησιν
810 5599 900 5655 καὶ
957 5607 1127 5656 πᾶσαν
1187 5605 1372 5678 ψυχῆς
1424 5599 1646 5675 δύναμιν
1694 5600 1795 5679 ἔχῃ
1839 5625 1921 5665 τις

248 5697 368 5749 τοῦ
402 5695 558 5764 Θεοῦ,
596 5689 719 5746 τότε
767 5687 836 5744 δι’
889 5691 1078 5745 ἑαυτοῦ
1127 5689 1216 5746 καὶ
1267 5691 1421 5753 οὗτος
1469 5691 1544 5754 ὡς
1593 5689 1681 5747 διὰ
1720 5690 1926 5767 ψαλτη-

257 5782 398 5862 ρίου
429 5779 629 5854 ψάλλει
661 5783 797 5852 Θεῷ.

351 5894 384 5928 κ
418 5874 506 5929 Γῶ
554 5865 756 5926 διδόντι
801 5869 902 5940 τὴν
949 5867 1218 5946 σωτηρίαν
1266 5874 1382 5933 τοῖς
1436 5868 1826 5947 βασιλεῦσιν.»
1858 5901 1928 5916 --

1443 554 1863 619 EXPOSITIO
1908 553 1987 612 IN
2035 552 2389 613 PSALMOS
2405 593 2419 609 .

2980 8 3005 11 Ὗ
3064 6 3069 7 7
3352 6 3355 7 ⁷
3466 2 3499 9 ’ί
3550 10 3559 14 α
3596 8 3623 13 η.
3646 7 3657 10 -
3692 4 3729 9 .._
3760 2 3779 7 ,,
3835 0 3879 8 ...⁵

2972 26 3121 33 -ψ.μ⁴.-
3174 18 3309 27 -..μ
3342 12 3463 21 ,.,..ς,η
3504 12 3509 15 .

1724 62 1749 71 Α..
1990 52 2076 71 Mm;
2337 50 2371 68 vi
2399 64 2404 68 ι
2427 63 2434 68 ⁵
2681 55 2694 62 Α
2911 53 2914 56 .
2955 55 2960 58 Ι
3071 47 3076 52 θ
3527 41 3536 46 ν

920 82 987 87 ’νίν
1162 72 1303 91 μετ’-5⁷
1440 74 1481 81 -.ς
1712 78 1715 79 ν
1851 85 1864 88 ’Δ
1901 87 1910 89 ,Δ
2137 73 2144 80 ⁴

36 121 238 136 μισ-’.φοι-
405 111 408 114 ’

3469 547 3624 605 1614

265 696 374 769 μετὰ
419 696 482 750 τὸ
529 694 664 750 κατᾶ
710 692 800 748 τὸν
852 689 1052 754 Γολιᾶθ
1094 689 1375 767 τρόπαιον,
1420 686 1592 751 ἄλλας
1638 711 1697 744 τε
1724 689 1867 752 νίκας
1898 687 1948 754 Α
1983 683 2100 758 Οὐχ
2123 681 2268 737 ὅπλα
2296 682 2398 757 γὰρ
2432 678 2556 734 οὐδὲ
2586 676 2916 755 στρατόπεδα
2955 678 3100 745 πλὴν
3130 684 3229 746 τῆς
3262 676 3404 741 θείας
3453 675 3624 752 ῥοπῆς

1987 769 2200 826 δύναται
2233 775 2401 824 σῶσαι
2433 768 2625 830 αὐτούς
2636 812 2648 823 .

2061 884 2088 911 ‹‹
2144 864 2231 932 Τῷ
2286 856 2640 931 λυτρουμένῳ
2707 855 2870 911 Δαϋΐδ
2924 857 3016 910 τὸν
3095 853 3294 912 δοῦλον
3350 855 3513 910 αὐτοῦ
3574 855 3633 910 ἐκ

1991 947 2260 1026 ῥομφαίας
2305 952 2569 1022 πονηρᾶς.
2604 969 2632 997 ››
2664 977 2733 987 -
2761 946 2856 1000 Ἐκ
2902 942 3152 1017 πολέμου
3198 942 3396 1018 δεινοῦ,
3448 943 3509 999 ἐκ
3545 945 3634 998 θα-

1987 1039 2149 1092 νάτου
2179 1040 2397 1112 πικροῦ.

2063 1127 2206 1180 «Ὧν
2267 1126 2318 1180 οἱ
2378 1124 2486 1179 υἱοὶ
2543 1125 2617 1186 ὡς
2676 1123 2978 1200 νεόφυμένα
3035 1123 3085 1177 ἐν
3144 1126 3214 1196 τῇ
3273 1117 3487 1192 νεότητι
3537 1120 3632 1177 αὐ-

1988 1220 2119 1271 τῶν.
2149 1240 2176 1267 ››
2222 1248 2292 1256 -
2336 1215 2443 1282 Τὴν
2495 1212 2786 1288 εὐημερίαν
2837 1211 3010 1266 αὐτῶν
3063 1210 3358 1290 ὑπογράφει
3406 1209 3497 1265 καὶ
3543 1211 3632 1265 τὸν

1991 1303 2252 1374 πλοῦτον,
2285 1304 2378 1374 ὧν,
2413 1302 2597 1379 φησὶν,
2646 1302 2698 1356 οἱ
2742 1299 2851 1355 υἱοὶ
2900 1299 3145 1364 εὐθαλεῖς
3185 1301 3514 1374 ἀκμάζοντες
3563 1299 3639 1360 ὡς

1991 1393 2221 1471 νεόφυτα
2250 1392 2524 1464 ηὐξημένα
2554 1390 2604 1446 ἐν
2635 1395 2704 1464 τῇ
2736 1389 2954 1460 νεότητι
2986 1389 3178 1447 αὐτῶν.

2068 1505 2096 1532 ‹‹
2127 1482 2195 1536 Αἱ
2271 1479 2558 1555 θυγατέρες
2635 1478 2808 1533 αὐτῶν
2866 1477 3432 1552 κεκαλλωπισμέναι·
3488 1497 3640 1554 περι-

1993 1564 2398 1642 κεκοσμημέναι
2451 1569 2525 1629 ὡς
2577 1567 2836 1641 ὁμοίωμα
2884 1570 3032 1623 ναοῦ.
3067 1592 3094 1620 ››
3127 1600 3196 1609 ——
3241 1567 3476 1640 Ὁμοίως
3526 1571 3640 1639 ναῷ

1993 1659 2030 1728 ἢ
2064 1659 2138 1721 ὡς
2185 1655 2360 1712 δοκεῖν
2415 1656 2672 1731 ὁμοίωμα
2718 1660 2848 1711 ναοῦ
2897 1657 3032 1710 κατὰ
3075 1657 3167 1712 τὸν
3193 1655 3398 1730 κόσμον
3432 1655 3521 1710 καὶ
3551 1656 3642 1710 τὸν

1993 1740 2414 1820 καλλωπισμόν.

2073 1837 2200 1890 «Τὰ
2244 1839 2466 1908 ταμιεῖα
2510 1833 2686 1890 αὐτῶν
2744 1832 2934 1910 πλήρη
2982 1833 3366 1910 ἐξερευγόμενα
3412 1832 3470 1887 ἐκ
3513 1831 3640 1888 τού-

1996 1946 2093 1980 του
2152 1924 2229 1986 εἷς
2285 1928 2466 1980 τοῦτο.
2503 1948 2530 1974 ››
2582 1957 2650 1964 -
2709 1917 3080 1978 Ἐκϐάλλοντα
3137 1921 3224 1977 καὶ
3285 1923 3647 1977 ἂποκενοῦντα

2001 2011 2076 2074 εἷς
2133 2009 2342 2086 ἕτερον,
2402 2009 2491 2065 διὰ
2543 2012 2604 2066 τὸ
2664 2013 3118 2086 στενοχωρεῖσθαι
3170 2015 3250 2084 τῷ
3296 2009 3501 2081 πλήθει
3535 2013 3642 2065 τῶν

2003 2098 2614 2175 ἀποτεθησαυρισμένων
2625 2142 2637 2154 .

2077 2214 2105 2242 ‹‹
2161 2189 2236 2243 Τὰ
2291 2184 2540 2264 πρόϐατα
2611 2188 2785 2243 αὐτῶν
2839 2187 3120 2244 πολύτοκα
3177 2187 3523 2260 πληθύνοντα
3593 2187 3644 2242 ἐν

2001 2283 2120 2340 ταῖς
2165 2274 2368 2347 ἐξόδοις
2417 2276 2614 2332 αὐτῶν.
2647 2302 2675 2329 ››
2709 2311 2777 2318 ——
2805 2274 3026 2346 Ἔξοδον
3076 2274 3420 2346 ὑποληπτέον
3459 2276 3558 2344 τὴν
3590 2272 3650 2328 ἐκ

2002 2374 2102 2436 τῆς
2167 2369 2374 2440 μήτρας
2431 2364 2696 2436 ἐξέλευσιν
2733 2411 2747 2435 ,
2807 2363 2972 2440 ἤγουν
3044 2365 3315 2440 γέννησιν.
3372 2364 3441 2418 Τὸ
3499 2361 3647 2431 πλη-

2004 2457 2226 2510 θύνοντα
2258 2453 2315 2509 δὲ
2343 2453 2459 2509 ἀντὶ
2506 2459 2602 2509 τοῦ
2648 2453 3049 2527 πληθυνόμενα,
3095 2455 3342 2508 τουτέστι
3389 2453 3524 2508 κατὰ
3550 2453 3650 2521 τὴν

2009 2545 2132 2618 μίαν
2190 2541 2415 2614 ἐκάστην
2474 2542 2720 2619 γέννησιν
2781 2540 2964 2597 πολλά
3022 2542 3313 2615 τικτόμενα
3376 2542 3465 2596 καὶ
3544 2541 3652 2616 οὐχ

2003 2631 2096 2688 ἕνα
2128 2653 2141 2665 ’
2204 2637 2363 2688 τοῦτο
2438 2634 2540 2708 γὰρ
2603 2630 2769 2702 δηλοῖ
2824 2633 2886 2686 τὸ
2943 2631 3224 2687 πολύτοκοι
3274 2630 3651 2706 παροξυτόνως

2007 2723 2124 2798 είρη
2136 2723 2318 2796 μένου.

2081 2836 2108 2862 (ι
2157 2811 2266 2866 Οὐκ
2321 2810 2428 2865 ἔστι
2486 2811 2823 2883 κατάπτωμα
2877 2814 3146 2886 φραγμοῦ.
3194 2833 3222 2862 n
3273 2842 3342 2850 --
3386 2807 3650 2885 Φραγμὸς

2010 2901 2226 2976 λέγεται
2275 2899 2365 2954 καὶ
2415 2901 2477 2954 τὸ
2524 2905 2712 2975 τεῖχος
2754 2906 2854 2968 τῆς
2903 2898 3121 2960 πόλεως
3167 2898 3256 2952 καὶ
3290 2897 3318 2951 ὀ
3347 2904 3448 2967 τῆς
3479 2897 3652 2959 οἰκίας

2005 2995 2218 3064 τοῖχος.

2083 3103 2109 3130 ‹‹
2152 3075 2287 3133 Οὐδὲ
2327 3074 2586 3148 διέξοδος,
2648 3073 2772 3131 οὐδὲ
2826 3077 3032 3152 κραυγή
3087 3074 3138 3130 ἐν
3196 3081 3315 3138 ταῖς
3368 3073 3652 3137 πλατείαις

2009 3168 2206 3224 αὐτῶν.
2240 3193 2268 3220 ››
2303 3201 2370 3209 —-
2419 3163 2554 3221 Οὐδὲ
2597 3163 2838 3241 ἐκδρομὴ
2889 3162 3012 3219 οὐδὲ
3053 3159 3280 3240 θόρυϐος
3328 3163 3380 3218 ἐν
3434 3169 3549 3226 ταῖς
3599 3164 3653 3218 6-

2011 3255 2128 3318 δοῖς
2158 3259 2258 3326 τῆς
2291 3254 2506 3316 πόλεως
2530 3254 2726 3311 αὐτῶν.
2761 3254 2856 3308 Διά
2885 3253 3089 3308 τούτων
3124 3251 3180 3308 δὲ
3213 3251 3514 3332 ὑπογράφει
3553 3253 3653 3322 τὴν

2010 3346 2230 3422 εἰρήνην
2261 3350 2366 3399 τῶν
2397 3341 2737 3419 ἁμαρτωλῶν
2769 3343 2857 3397 καὶ
2887 3343 2949 3397 τὸ
2978 3342 3347 3415 ἀπολέμητον.

2087 3459 2116 3486 ‹‹
2147 3435 2508 3510 Ἐμακάρισαν
2552 3433 2642 3488 τὸν
2694 3432 2821 3487 λαὸν
2854 3433 2900 3504 ᾧ
2928 3433 3094 3488 ταῦτά
3133 3432 3296 3488 ἐστιν.
3330 3456 3357 3483 ››
3389 3465 3457 3474 -
3489 3433 3654 3504 Ἐμα-

2016 3527 2234 3600 κάρισαν
2268 3525 2319 3578 οἱ
2348 3521 2574 3580 πολλοί.

2093 3637 2119 3666 ‹‹
2152 3613 2427 3687 Μακάριος
2459 3613 2487 3665 6
2531 3609 2662 3673 λαὸς
2714 3613 2775 3664 οὗ
2824 3610 3018 3684 Κύριος
3069 3611 3097 3664 6
3137 3611 3265 3671 Θεὸς
3314 3609 3495 3664 αὐτοῦ.
3531 3633 3558 3660 ››
3590 3641 3661 3651 -

2019 3703 2093 3756 Οὐ
2123 3702 2355 3776 κυριεύει
2385 3705 2412 3756 6
2445 3702 2595 3774 Θεὸς,
2629 3699 2736 3775 οὐχ
2765 3699 2976 3772 ἁπλῶς,
3011 3698 3154 3755 ἀλλὰ
3191 3699 3515 3772 πειθομένου
3542 3702 3660 3760 ταῖς

2021 3791 2266 3853 ἐντολαῖς
2299 3789 2482 3848 αὐτοῦ.

2590 3898 2888 3953 ΨΑΛΜΟΣ
2929 3901 3092 3952 ΡΜΔ’.

2087 4001 2302 4066 Αἴνεσις
2347 4008 2426 4075 τῷ
2476 4000 2660 4060 Δαυίδ.
2692 4027 2720 4054 ››
2754 4036 2821 4044 -
2849 3998 3055 4065 Αἴνεσις
3105 4001 3178 4064 εἷς
3227 4001 3355 4057 Θεὸν
3390 4001 3543 4069 κοινὴ
3573 3999 3662 4055 καὶ

2019 4099 2178 4149 πᾶσιν
2213 4088 2541 4167 ἁρμόζουσα.

2090 4183 2377 4256 «Ὑψώσω
2437 4203 2514 4252 σε,
2575 4182 2602 4236 6
2659 4181 2788 4243 Θεός
2853 4201 2978 4254 μου,
3037 4180 3065 4234 6
3101 4179 3353 4255 βασιλεύς
3389 4199 3530 4252 μου⁸
3574 4175 3664 4232 καὶ

2018 4272 2308 4346 εὐλογήσω
2366 4270 2428 4324 τὸ
2489 4265 2666 4343 ὄνομά
2721 4291 2815 4324 σου
2875 4269 2948 4330 εἷς
2994 4271 3084 4323 τὸν
3139 4268 3310 4324 αἶ’ῶνα
3353 4268 3441 4323 καὶ
3468 4266 3545 4329 εἷς
3573 4267 3664 4321 τὸν

2017 4361 2187 4416 αἰῶνα
2243 4365 2339 4414 τοῦ
2398 4359 2614 4420 αἰῶνος.
2667 4386 2694 4412 ››
2751 4393 2819 4400 —
2866 4361 3102 4431 Ὕψωσιν
3145 4358 3235 4413 καὶ
3296 4356 3544 4433 εὐλογίαν
3603 4353 3666 4409 οὐ

2021 4450 2184 4524 μόνον
2212 4451 2310 4517 τὴν
2345 4447 2433 4503 διὰ
2483 4447 2766 4524 θεολογίας
2814 4447 2903 4502 καὶ
2935 4445 3261 4523 ὑμνολογίας
3301 4445 3483 4524 φησὶν,
3517 4441 3672 4500 ἀλλὰ

2018 4538 2185 4595 πλέον
2217 4539 2315 4607 τὴν
2351 4535 2419 4591 δι’
2471 4537 2852 4612 ἀγαθοεργίας,
2885 4534 2955 4590 δι’
3000 4539 3068 4604 ἧς
3120 4535 3330 4609 μᾶλλον
3373 4533 3668 4610 μεγαλύνε-

2015 4649 2101 4682 ται
2134 4626 2224 4681 καὶ
2255 4623 2527 4697 δοξάζεται
2561 4627 2589 4680 ὁ
2619 4625 2767 4686 Θεός.

2090 4741 2116 4767 ‹‹
2176 4717 2356 4790 Μέγας
2415 4714 2610 4792 Κύριος
2677 4716 2766 4770 καὶ
2841 4714 3044 4776 αἰνετὸς
3103 4711 3351 4792 σφόδρα,
3423 4713 3513 4768 καὶ
3571 4719 3669 4784 τῆς

1936 4792 1984 4856 Ῑ)
2021 4803 2394 4880 μεγαλοσύνης
2449 4803 2610 4858 αὐτοῦ
2665 4803 2763 4858 οὐκ
2810 4800 2920 4857 ἔστι
2951 4803 3137 4878 πέρας.
3169 4827 3196 4855 ››
3253 4835 3323 4844 --·
3371 4801 3549 4877 Μέγας
3593 4801 3670 4863 ὡς

2031 4891 2408 4968 μεγαλουργός
2440 4914 2498 4947 τε
2529 4893 2616 4948 καὶ
2666 4890 3200 4969 μεγαλοδραστήριος
3241 4890 3332 4946 καὶ
3380 4889 3470 4945 διὰ
3504 4895 3672 4946 ταῦτα

2030 4981 2150 5036 λίαν
2178 4981 2402 5043 αἰνετός.

2103 5095 2129 5121 (ι
2160 5071 2317 5125 Γενεὰ
2366 5071 2456 5124 καὶ
2515 5071 2672 5145 γενεὰ
2729 5068 2990 5125 ἐπαινέσει
3043 5069 3110 5125 τὰ
3155 5067 3286 5146 ἔργα
3344 5090 3460 5126 σου.
3516 5093 3543 5122 ››
3604 5102 3673 5111 -

2026 5159 2158 5221 Τοὺς
2219 5158 2269 5213 ἐν
2328 5163 2395 5234 τῇ
2452 5159 2696 5235 παρούσῃ
2767 5160 2857 5214 καὶ
2914 5163 2983 5233 τῇ
3057 5158 3279 5234 ἐπιούσῃ
3333 5163 3487 5235 γενεᾷ
3541 5179 3673 5237 φησι

2029 5248 2300 5310 συνετούς.
2333 5250 2503 5324 Ἔργα
2534 5245 2591 5302 δὲ
2623 5246 2770 5323 λέγει
2799 5248 2866 5303 τά
2893 5269 2954 5324 γε
2985 5245 3452 5324 δημιουργήματα
3491 5247 3580 5304 καὶ
3608 5247 3677 5302 τὰ

2029 5339 2124 5392 θαυ
2133 5339 2406 5413 ματουργή
2419 5357 2577 5409 ματα.

2105 5451 2132 5479 ι(
2157 5425 2261 5510 ⁸Καὶ
2291 5427 2389 5495 τήν
2434 5423 2654 5499 δύναμίν
2703 5448 2796 5481 σου
2850 5425 3270 5503 ἀπαγγελοῦσιν,
3305 5451 3334 5479 >>
3368 5460 3436 5470 -
3481 5430 3677 5502 Πρῶτα

2036 5516 2128 5589 μὲν
2188 5521 2312 5590 παρ’
2369 5513 2549 5577 αὐτοῖς
2624 5514 3015 5590 μεγαλυνοῦσιν
3057 5561 3071 5590 ,
3131 5516 3244 5573 εἶτα
3316 5515 3406 5571 καὶ
3481 5512 3676 5576 ἄλλοις

2033 5600 2388 5677 διηγήσονται
2435 5603 2533 5671 τὴν
2587 5601 2636 5657 ἐν
2676 5608 2794 5666 τοῖς
2845 5602 3026 5679 ἔργοις
3060 5625 3155 5659 σου
3201 5603 3290 5658 καὶ
3337 5603 3388 5658 ἐν
3419 5606 3497 5673 τῷ
3526 5600 3674 5677 εὐερ-

2033 5696 2224 5767 γετεῖν,
2256 5690 2291 5758 ἢ
2324 5690 2573 5760 κολάζειν
2608 5689 2835 5766 δύναμίν
2865 5713 2981 5752 σου.

2109 5804 2137 5832 ‹‹
2167 5780 2272 5848 Τὴν
2327 5779 2791 5855 μεγαλοποέπειαν
2835 5789 2934 5852 τῆς
2998 5779 3160 5854 δόξης
3209 5789 3308 5851 τῆς
3368 5779 3674 5855 ἁγιωσύνης

2039 5891 2134 5928 σου
2183 5865 2433 5926 λαλοῦσν
2490 5869 2579 5926 καὶ
2633 5871 2702 5928 τὰ
2754 5872 3026 5946 θαυμάσιά
3085 5893 3180 5927 σου
3239 5868 3677 5945 διηγήσονται.»
