3998 6468
446 484 602 551 1615

441 702 650 782 φύσεως
680 703 770 758 καὶ
800 703 989 783 σοφίας
1017 704 1109 759 καὶ
1152 701 1434 778 δυνάμεως
1475 708 1571 760 τοῦ
1615 708 1771 762 Θεοῦ.
1804 705 2087 777 Θαυμάσιά

439 789 501 849 δὲ
529 791 628 848 ὅσα
663 789 893 868 λαμπρά
935 812 994 848 τε
1038 793 1129 848 καὶ
1176 792 1591 867 ἀξιοθαύμαστα.
1625 787 1844 869 Φοϐερὰ
1892 790 1950 847 δὲ
1986 791 2085 848 ὅσα

439 878 689 960 φρικώδη
715 881 807 936 καὶ
836 879 1183 952 ἀπειλητικὰ.

512 994 541 1023 ‹‹
571 971 809 1043 Μνήμην
857 973 955 1024 τοῦ
999 969 1245 1041 πλήθους
1291 972 1391 1040 τῆς
1440 969 1821 1048 χρηστότητός
1873 991 1969 1025 σου
1999 969 2082 1041 έξ-

438 1059 773 1136 ερεύξονται.
836 1082 864 1111 ›)
937 1090 1009 1101 —-
1080 1059 1435 1134 Πεπεισμένοι
1515 1061 1653 1132 μήτε
1727 1060 1825 1128 τὴν
1885 1059 2078 1134 ἀρετὴν

434 1149 724 1225 ἀγέραστον
755 1148 977 1227 φθῆναι,
1012 1149 1152 1221 μήτε
1174 1149 1278 1218 ’τήν
1306 1148 1495 1205 κακίαν
1525 1148 1897 1225 ἀτιμώρητον.

509 1270 539 1299 ‹‹
594 1245 695 1302 Καὶ
747 1249 818 1320 τῇ
875 1243 1189 1317 δικαιοσύνη
1249 1266 1346 1301 σου
1400 1243 1825 1323 άγαλλιάσονται
1858 1291 1871 1303 .
1928 1270 1957 1297 n
2012 1278 2081 1288 ~—

434 1333 835 1411 ’Δπαγγελοῦσι
888 1331 1144 1410 διήγησιν
1173 1332 1402 1410 ἔχουσαν
1460 1337 1684 1408 μνήμην
1727 1342 1828 1405 τῆς
1855 1333 2079 1405 πολλῆς

434 1418 772 1500 ἁγαοότητος
799 1423 890 1478 καὶ
920 1421 1350 1501 φιλανθρωπίας.

510 1534 539 1565 ιι
594 1512 843 1588 Χρηστὸς
902 1510 1098 1589 Κύριος
1155 1517 1271 1574 τοῖς
1336 1511 1605 1585 σύμπασιν
1642 1531 1654 1543 ·
1714 1510 2020 1588 ἐξομολογη
2054 1544 2077 1555 -

437 1596 714 1658 σάσθωσάν
772 1620 907 1669 σοι,
964 1600 1163 1677 Κύριε,
1218 1602 1394 1655 πάντα
1446 1600 1513 1655 τὰ
1564 1595 1697 1676 ἔργα
1754 1621 1871 1657 σου.
1930 1624 1959 1653 ››
2012 1635 2080 1644 -

438 1689 931 1767 Εὖχαριστήτωσαν
983 1690 1052 1744 τά
1083 1690 1178 1762 μὶν
1235 1687 1431 1766 λογικὰ
1481 1686 1550 1743 δι’
1609 1690 1808 1744 ἑαυτῶν
1835 1731 1850 1757 ,
1904 1689 1973 1743 τὰ
2021 1687 2080 1745 δὲ

437 1774 618 1855 ἄλογα
642 1779 831 1834 καὶτὰ
877 1776 1064 1855 ἄψυχα
1116 1775 1205 1834 δια
1250 1781 1358 1833 τῶν
1408 1777 1661 1853 ὁρώντων
1705 1777 1841 1832 αὐτὰ
1868 1777 1959 1832 καὶ
1987 1799 2081 1833 κα-

436 1868 768 1924 τανοούντων
779 1912 792 1926 .
1524 1894 1527 1899 ·

508 1976 538 2011 α
570 1955 669 2013 Καὶ
698 1958 755 2013 οἱ
784 1954 925 2013 ὅσιοί
952 1958 1049 2011 σου
1072 1954 1525 2032 εύλογησάτωσάν
1559 1976 1635 2010 σε.
1670 1979 1699 2008 ››
1732 1986 1801 1997 --
1830 1954 1995 2030 Λόγῳ
2020 1976 2080 2011 τε

433 2047 523 2103 καὶ
558 2046 663 2123 βίῳ
693 2043 1053 2117 δοξαζέτωσάν
1084 2066 1142 2100 σε
1171 2046 1224 2100 οἱ
1253 2045 1654 2123 ἁφωσιωμένοι.

511 2168 538 2197 α
573 2143 736 2214 Δόξαν
780 2142 881 2212 τῆς
935 2141 1214 2218 βασιλείας
1265 2162 1364 2197 σου
1410 2140 1611 2216 ἐροῦσι,
1657 2141 1747 2197 καὶ
1794 2140 1895 2211 τήν
1924 2138 2082 2195 δυνα-

437 2232 613 2289 στείαν
672 2252 768 2287 σου
817 2230 1141 2302 λαλήσουσι.
1175 2256 1204 2283 )›
1259 2264 1329 2274 -
1376 2228 1657 2301 Διδάξουσι
1703 2230 1827 2307 περὶ
1876 2230 2081 2285 τούτων

440 2322 566 2385 τοὺς
614 2319 937 2399 ἀγνοοῦντας
985 2319 1123 2376 ὥστε
1177 2322 1430 2396 γνώριμα
1472 2323 1641 2375 ταῦτα
1685 2318 1899 2382 τούτοις
1927 2336 2085 2374 κατα-

430 2416 649 2483 στῆναι.

509 2524 537 2553 ‹‹
567 2502 632 2555 Ἣ
679 2496 933 2575 βασιλεία
976 2517 1073 2552 σου
1129 2494 1378 2573 βασιλεία
1422 2497 1638 2552 πάντων
1688 2501 1794 2551 τῶν
1840 2496 2077 2569 αἰώνων,

428 2588 519 2644 καὶ
563 2590 600 2659 ἢ
650 2585 931 2643 δεσποτεία
980 2606 1078 2641 σου
1127 2584 1180 2641 ἐν
1228 2587 1371 2660 πάσῃ
1419 2590 1575 2660 γενεᾷ
1619 2585 1709 2640 καὶ
1738 2590 1912 2660 γενεᾷ.
1948 2609 1978 2636 ››
2010 2618 2080 2627 ——

428 2676 815 2747 Διαιωνίζουσα
877 2676 967 2731 καὶ
1032 2679 1315 2751 πανταχοῦ
1387 2679 1495 2730 τῶν
1572 2678 1770 2750 γενεῶν
1843 2674 2077 2731 ἐκτεινο-

476 2765 593 2823 ένη.

476 2784 529 2822 εν
580 2811 593 2823 .

430 2784 761 2916 Panma'rb:
816 2842 1016 2929 ’Κύριος
1056 2850 1108 2907 ἐν
1158 2858 1287 2908 πᾶσι
1339 2858 1454 2915 τοῖς
1512 2851 1697 2930 λόγοις
1747 2852 1933 2926 αὐτοῦ,
1984 2854 2073 2909 καὶ

422 2943 571 3006 ὅσιος
622 2941 675 2997 ἐν
723 2947 854 2997 πᾶσι
896 2947 1016 3004 τοῖς
1068 2939 1246 3016 ἔργοις
1291 2940 1474 2996 αὐτοῦ.
1510 2966 1538 2994 ››
1590 2975 1660 2983 -
1715 2936 1941 3006 Βέϐαιος
1981 2942 2071 2998 καὶ

416 3031 637 3102 ἀληθὴς
683 3030 771 3110 Et?”
816 3031 900 3093 οἷς
950 3029 1115 3105 λέγει,
1164 3030 1257 3084 καὶ
1305 3027 1385 3108 ἐφ’
1435 3031 1518 3093 οἷς
1564 3036 1711 3086 ποιεῖ
1762 3028 2069 3105 ἄμεμπτος,

420 3119 700 3197 μηδεμίαν
736 3118 929 3194 μηδενὶ
958 3119 1214 3195 παρέχων
1246 3113 1480 3195 βλάϐην.

497 3233 527 3261 ‹‹
581 3207 955 3284 Ὑποστηρίζει
1010 3206 1208 3283 Κύριος
1266 3208 1464 3270 πάντας
1521 3207 1651 3271 τοὺς
1704 3208 2067 3264 καταπίπτον-

421 3319 517 3361 τας
560 3299 650 3353 καὶ
700 3297 922 3373 ἀνορθοῖ
973 3295 1177 3358 πάντας
1229 3295 1360 3359 τοὺς
1404 3296 1891 3373 κατερραγμένους.
1923 3321 1952 3351 ››
1998 3314 2068 3341 —'

1697 486 1744 544 Ν
1754 483 2117 546 ICEPHORI
2164 485 2601 550 BLEMMIDIE

441 615 988 692 -Μεγαλοπρέπεια
1032 615 1122 671 καὶ
1171 613 1527 692 μεγαλωσύνη
1576 616 1637 671 τὸ
1686 615 1950 692 ὑπερέχον
1982 621 2083 685 τῆς
2111 621 2169 686 Α

3646 507 3765 568 1616

2754 629 3049 681 ΨΔΛΜΟΣ
3098 630 3271 685 PME'.

2268 732 2295 758 «
2331 706 2698 784 Ἀλληλούϊα,
2750 712 3012 789 ’Δγγαίου
3059 716 3149 770 καὶ
3199 719 3489 793 Ζαχαρίου.
3520 746 3544 773 ››
3571 754 3630 765 -—
3657 726 3773 782 Ἀθε-

2190 800 2360 887 τεῖτᾳι
2391 797 2480 852 καὶ
2529 801 2565 869 ἡ
2617 800 2843 872 τοιαύτη
2899 806 3209 881 προσθήκη.
3256 804 3353 877 Ε’ίη
3405 805 3452 862 δ’
3494 808 3548 864 ἃν
3584 813 3770 887 ἁρμόζον

2190 884 2459 976 κάνταῦθα
2512 887 2575 942 τὸ
2656 888 2944 966 εἰρημένον
3005 891 3056 948 έν
3114 898 3182 969 τῇ
3239 894 3509 976 ἐπιγραφῇ
3556 884 3641 956 τοῖο
3684 897 3774 975 ρλς’

2190 972 2302 1046 ψαλ
2311 979 2434 1046 μοῦ.

2263 1087 2293 1115 (ι
2325 1061 2473 1119 Αἴνει
2503 1068 2539 1135 ὴ
2570 1068 2723 1154 ψυχὴ
2781 1090 2883 1142 μου
2924 1071 3014 1126 τὸν
3064 1070 3282 1148 Κύριον·
3315 1074 3507 1130 αἰνέσω
3546 1077 3711 1154 Κύριον
3737 1080 3776 1137 ἓν

2195 1153 2308 1240 ζωῇ
2344 1171 2467 1225 μου’
2499 1153 2660 1227 ψαλῶ
2685 1161 2762 1229 τῷ
2810 1161 2925 1230 Θεῷ
2980 1173 3087 1232 μου
3131 1156 3237 1223 ἕως
3288 1162 3534 1240 ὑπάρχω.
3565 1189 3591 1216 ››
3619 1197 3675 1213 -
3709 1170 3771 1224 Ἐν

2190 1238 2333 1314 πάσῃ
2363 1262 2467 1313 μου
2496 1245 2564 1316 τῇ
2598 1247 2735 1318 ζωῇο

2265 1352 2294 1379 ‹‹
2324 1330 2389 1383 OE
2416 1330 2516 1385 οὐκ
2542 1327 2651 1386 ἔστι
2676 1334 2937 1410 σωτηρία.
2972 1362 3000 1389 ››
3030 1372 3099 1380 -
3142 1340 3237 1401 Οἷς
3280 1339 3379 1395 οὐκ
3429 1339 3537 1396 ἔστι
3558 1343 3616 1399 τὸ
3640 1350 3775 1401 σῶσαι

2188 1414 2411 1480 ἑαυτοὺς
2459 1418 2518 1473 ἐκ
2563 1421 2813 1483 θανάτου.
2845 1423 2907 1478 Εἰ
2941 1420 2999 1479 δὲ
3048 1426 3268 1489 ἑαυτοὺς
3319 1428 3381 1483 ού
3428 1431 3778 1502 σώζουσι,πῶς

2191 1504 2406 1581 ἑτέρους
2436 1503 2754 1578 δυνήσονται
2787 1516 2954 1567 σῶσαι
2990 1534 3006 1584 ;

2262 1617 2289 1644 ‹‹
2322 1592 2681 1664 Ἐξελεύσεται
2711 1599 2773 1653 τὸ
2804 1605 3017 1675 πνεῦμα
3044 1601 3230 1676 αὑτοῦ,
3262 1604 3350 1660 καί
3400 1604 3682 1682 ἐπιστρέψει
3720 1608 3782 1671 εἷς

2187 1681 2285 1751 τὴν
2317 1688 2418 1756 γῆν
2452 1683 2638 1742 αὐτοῦ.
2673 1709 2701 1738 ››
2733 1720 2802 1729 ——
2830 1690 3139 1746 Δεικνύόυσι
3168 1696 3287 1755 πῶς
3317 1692 3416 1749 οὑκ
3465 1682 3596 1751 ἔστιν
3624 1681 3785 1759 αὐτοῖς

2189 1770 2449 1862 σωτηρία·
2478 1770 2802 1862 ἐξελεύσεται
2826 1778 2948 1854 γὰρ,
2972 1777 3153 1857 φησὶν,
3182 1783 3218 1850 ἡ
3248 1784 3403 1858 ψυχή
3434 1788 3529 1839 τοῦ
3559 1782 3783 1862 ἄρχοντος

2185 1856 2275 1947 καὶ
2334 1858 2637 1938 ἐπιστρέψει
2669 1910 2691 1947 ,Ι
2729 1864 2896 1929 πῦτὸς
2944 1856 3199 1943 δηλαδὴ,
3250 1856 3496 1928 τουτέστι
3546 1856 3786 1947 τὺ-Ἷσῶμα

2109 1990 2158 2056 Β
2186 1946 2378 2056 αὐτού,
2404 1949 2479 2056 εἰς
2507 1952 2606 2020 τὴν
2639 1944 2742 2056 γῆν
2775 1953 2863 2056 ἀφ’
2891 1957 2959 2056 ἧς
2990 1954 3226 2056 ἐλήφθηΣ

2271 2060 2299 2087 ‹‹
2328 2038 2601 2115 Μακάριος
2659 2041 2721 2096 οὗ
2778 2043 2807 2097 ὁ
2862 2044 2992 2106 Θεὸς
3051 2040 3243 2101 Ἰακὼϐ
3307 2048 3509 2123 βοηθὸς
3563 2049 3787 2121 αὖτοῦ,ἦ

2194 2121 2353 2188 ἐλπὶς
2398 2125 2562 2182 αὑτοῦ
2607 2126 2696 2183 ἐπὶ
2745 2129 2937 2206 Κύριον
2985 2131 3079 2187 τὸν
3130 2133 3260 2189 Θεὸν
3308 2121 3501 2193 αὐτοῦ.
3541 2159 3568 2189 ››
3596 2170 3657 2179 -
3694 2142 3788 2192 Μα-

2191 2213 2387 2305 κάριος
2432 2214 2495 2270 οὗ
2566 2214 2763 2292 βοηθὸς
2818 2220 2846 2274 ὁ
2911 2219 3044 2283 Θεὸς
3104 2227 3202 2277 τοῦ
3254 2219 3453 2279 Ἰακὼϐ
3483 2271 3498 2297 ,
3556 2224 3631 2305 ἐφ’
3673 2227 3721 2281 ὃν
3769 2226 3791 2279 ὁ

2192 2298 2387 2357 Ἰακὼϐ
2437 2307 2712 2370 πεποιθὼς
2775 2305 2906 2378 ὅσης
2954 2308 3044 2364 καὶ
3092 2306 3209 2373 ο⁹ίας
3272 2312 3527 2386 βοηθείας
3580 2298 3792 2385 ἀπήλαυ-

2191 2408 2300 2448 σεν.

2262 2504 2291 2531 ‹‹
2322 2481 2429 2537 Τὸν
2488 2484 2794 2553 ποιήσαντα
2843 2485 2936 2541 τὸν
2996 2486 3220 2563 οὐρανὸν
3273 2489 3368 2544 καὶ
3416 2491 3520 2560 τήν
3560 2498 3676 2566 γῆν,
3716 2493 3795 2561 τήν

2187 2566 2453 2625 θάλασσαν
2504 2570 2593 2625 καὶ
2641 2573 2815 2629 πάντα
2858 2574 2928 2628 τὰ
2975 2573 3027 2631 έν
3066 2576 3272 2640 αὐτοῖς.
3306 2603 3335 2630 ››
3365 2610 3441 2620 --
3479 2583 3584 2634 Τοῖ’)
3624 2579 3800 2655 βοηθοῦ

2187 2654 2336 2734 λέγει
2366 2660 2466 2728 τὴν
2497 2657 2740 2734 δύναμιν.

2260 2770 2289 2797 ‹‹
2317 2748 2418 2802 Τὸν
2449 2748 2792 2824 φυλάσσοντα
2820 2750 3075 2824 ἀλήθειαν
3106 2754 3186 2818 εἷς
3221 2757 3314 2811 τὸν
3347 2757 3541 2814 αἰῶνα.
3580 2782 3608 2811 ν
3637 2790 3700 2801 -
3720 2756 3802 2812 Τὸν

2183 2835 2265 2891 ἀεὶ
2295 2835 2481 2908 ἀληθῆ
2506 2838 2598 2893 καὶ
2629 2838 2682 2894 ἐν
2710 2845 2830 2904 ταῖς
2858 2840 3210 2918 ἐπαγγελίαις
3240 2849 3347 2900 τῶν
3382 2846 3687 2923 εὐεργεσιῶν
3728 2846 3801 2901 καὶ

2182 2925 2236 2981 έν
2265 2930 2385 2989 ταῖς
2410 2925 2662 2991 ἀπειλαῖς
2690 2934 2796 2984 τῶν
2828 2936 3137 3009 τιμωριῶν.

2253 3040 2281 3067 ‹‹
2321 3021 2587 3071 Ποιοῦντα
2632 3023 2804 3094 κρῖμα
2849 3025 2963 3083 τοῖς
3020 3018 3427 3095 ἀδικουμένοις.
3484 3048 3516 3076 ››
3571 3024 3800 3096 -Ἐμοὲ

2178 3103 2302 3180 γὰρ,
2362 3105 2543 3181 φησὶν,
2602 3104 2898 3178 ἐκδίκησις·
2955 3109 3061 3185 ἐγὼ
3117 3110 3495 3168 ἀνταποδώσω
3548 3114 3635 3169 καὶ
3681 3113 3796 3168 κατὰ

2173 3194 2274 3262 τὴν
2309 3190 2613 3266 μέλλουσαν
2647 3192 2860 3267 δηλαδή
2909 3198 3110 3274 κρίσιν,
3159 3197 3309 3256 ἀλλά
3337 3200 3409 3272 δὴ
3454 3204 3550 3259 καὶ
3576 3203 3794 3266 ἐνταῦθα.

2249 3279 2527 3338 «Διδόντα
2564 3285 2770 3364 τροφὴν
2822 3291 2939 3350 τοῖς
2984 3292 3261 3346 πεινῶσιν.
3306 3314 3336 3343 ››
3388 3324 3463 3334 —-
3490 3293 3599 3361 Τὴν
3636 3310 3795 3365 σωμα-

419 3358 556 3450 Τοὺς
618 3387 713 3461 μὲν
769 3358 1083 3442 καταπεσεῖν
1140 3382 1443 3459 μέλλοντας
1502 3358 1727 3462 ἑδραιοῖ,
1790 3358 1927 3442 ὥστε
1987 3389 2063 3461 μὴ
2093 3358 2140 3427 G
2174 3373 2330 3442 τικτίν
2359 3392 2419 3462 ’ἵε
2442 3373 2532 3426 καὶ
2559 3358 3075 3462 τῆν’πνευματικήν·

419 3480 758 3546 καταπεσεῖν,
810 3472 937 3537 τοὺς
996 3471 1053 3528 δὲ
1108 3473 1593 3537 καταπεπτωκότας
1657 3473 1873 3547 ἀνιστᾷ,
1934 3475 2063 3550 βου-

416 3562 689 3640 λομένους
719 3561 934 3635 δηλαδὴ
965 3561 1056 3617 καὶ
1084 3563 1160 3636 μὴ
1191 3560 1599 3624 ἀντιτείνοντας.

492 3684 520 3715 ‹‹
547 3662 614 3717 Θὶ
655 3658 929 3740 ὀφθαλμοὶ
972 3658 1186 3715 πάντων
1238 3659 1316 3721 εἷς
1366 3659 1424 3715 σὲ
1466 3659 1767 3733 ἐλπίζουσι,
1818 3661 1998 3738 Κύριε.
2030 3686 2058 3713 ››

415 3784 486 3795 --
511 3753 713 3824 Ὃμοια
740 3754 907 3805 ταῦτα
926 3754 1043 3811 τοῖς
1068 3747 1121 3802 ἐν
1149 3752 1227 3820 τῷ
1257 3749 1338 3824 ργ¹
1368 3747 1574 3823 ψαλμῷ
1603 3748 1720 3826 εἷρη
1735 3749 1933 3823 μένοις,
1982 3750 2062 3822 τῷ

414 3840 589 3894 πάντα
606 3834 950 3915 προσδοκῶσι
978 3836 1067 3892 καὶ
1088 3842 1204 3898 τοῖς
1233 3836 1377 3906 ἑξῆς.
1413 3845 1416 3848 ’

491 3952 519 3981 ‹‹
576 3927 794 3989 Δίκαιος
853 3924 1048 4000 Κύριος
1106 3924 1158 3981 ἐν
1211 3925 1409 3988 πάσαις
1464 3930 1583 3988 ταῖς
1641 3923 1788 3989 ὁδοῖς
1846 3925 2009 3981 αὑτοῦ
2045 3946 2058 3960 ο

416 4017 507 4072 καὶ
557 4015 706 4079 ὅσιος
756 4014 809 4070 ἐν
868 4020 999 4069 πᾶσι
1056 4019 1170 4076 τοῖς
1229 4011 1412 4089 ἔργοις
1459 4014 1643 4072 αὐτοῦ.
1678 4040 1705 4067 ››
1738 4048 1808 4057 —
1851 4015 2063 4070 Δίκαιον

419 4102 646 4161 ἐνταῦθα
709 4103 799 4157 τὸν
879 4100 1169 4156 ἄπταιστον
1256 4099 1403 4177 λέγει
1469 4102 1559 4155 καὶ
1644 4102 1981 4181 ἆνεπισφαλῆ
2044 4122 2058 4136 ·

418 4190 580 4255 ὁδοὺς
610 4188 669 4248 δὲ
697 4192 794 4254 τὰς
843 4189 1160 4263 οἰκονομίας
1188 4190 1278 4245 καὶ
1327 4190 1543 4267 πράξεις
1576 4190 1652 4253 ὡς
1682 4190 1810 4246 εἶναι
1850 4192 1941 4247 καὶ
1966 4193 2060 4248 τὸν

417 4280 540 4353 ἑξῆς
570 4280 757 4357 στίχον
789 4284 885 4335 τοῦ
913 4279 1181 4356 παρόντος
1212 4277 1686 4357 ἐφερμηνευτικόν.

490 4404 519 4432 u
552 4378 743 4455 Ἐγγὺς
788 4376 983 4454 Κύριος
1026 4383 1157 4433 πᾶσι
1205 4383 1319 4440 τοῖς
1368 4375 1819 4451 ἐπικαλουμένοις
1877 4378 2057 4452 αὐτὸν,

416 4474 548 4525 πᾶσι
603 4473 720 4529 τοῖς
778 4465 1230 4540 ἐπικαλουμένοις
1290 4465 1448 4521 αὐτὸν
1503 4464 1554 4521 έν
1613 4465 1862 4538 ἀληθείᾳ.
1923 4492 1953 4520 ››
1990 4502 2060 4510 -

415 4555 603 4633 Ἐγγὺς
658 4555 798 4611 ὥστε
850 4556 1060 4610 σκέπειν
1119 4554 1209 4610 καὶ
1267 4550 1772 4629 άντιλαμϐάνεσθαι’
1823 4557 1885 4612 τὸ
1916 4553 1973 4612 δὲ
2004 4557 2057 4612 έν

413 4643 645 4717 ἀληθείᾳ
672 4645 733 4699 τὸ
765 4644 938 4721 ὀρθῶς
971 4642 1136 4715 δηλοῖ
1162 4644 1253 4698 καὶ
1281 4643 1357 4706 ὼς
1388 4646 1525 4721 χρή.

487 4758 515 4786 ‹‹
546 4731 776 4807 Θέλημα
827 4737 933 4788 τῶν
988 4727 1338 4811 φοϐουμένων
1391 4732 1549 4787 αὑτὸν
1610 4736 1848 4804 ποιήσει.
1913 4758 1941 4787 ››

411 4822 482 4879 Τὸ
513 4822 730 4896 θέλημα
757 4822 862 4898 γὰρ
889 4827 987 4877 τοῦ
1017 4816 1358 4901 φοϐουμένου
1386 4822 1477 4876 τὸν
1509 4821 1704 4898 Κύριον
1736 4822 1836 4878 οὑκ
1865 4821 2056 4895 ἀπᾴδει

412 4915 507 4966 τοῦ
536 4909 683 4966 θείου
714 4909 1046 4984 θελήματος.

487 5024 516 5051 ‹‹
547 4997 819 5056 Φυλάσσει
849 4998 1047 5073 Κύριος
1077 4997 1278 5062 πάντας
1306 5000 1434 5060 τοὺς
1463 5000 1781 5076 ἀγαπῶντας
1811 5001 1995 5060 αὐτόν.
2024 5026 2052 5054 ››

413 5118 483 5130 —-
510 5087 781 5145 Φυλάσσει
831 5087 1026 5165 Κύριος
1081 5088 1209 5150 τοὺς
1265 5087 1486 5159 άληθῶς
1545 5089 1862 5164 ἀγαπῶντας
1893 5091 2050 5146 αὐτὸν

414 5175 501 5254 ἀφ’
531 5177 605 5232 ὧν
631 5179 896 5253 προσήκει
927 5175 1212 5257 φυλάττειν
1243 5176 1457 5240 αὐτούς.

484 5287 511 5315 ‹‹
568 5264 667 5320 Καὶ
720 5267 921 5328 πάντας
972 5264 1098 5328 τοὺς
1155 5264 1516 5342 ἁμαρτωλοὺς
1577 5264 1967 5344 έξολοθρεύσει.
2019 5294 2047 5323 ››

409 5381 480 5393 --
532 5350 665 5414 Τοὺς
742 5349 801 5408 δὲ
876 5355 1282 5432 ἁνεπιστρόφως
1361 5353 1763 5432 ἁμαρτάνοντας
1840 5355 1996 5427 ἐξολο
2027 5391 2050 5402 -

408 5437 616 5526 θρεύσει
692 5437 884 5516 Κύριος
952 5441 1010 5498 ἐκ
1081 5446 1181 5498 τοῦ
1254 5440 1467 5518 κλήρου
1534 5447 1641 5498 τῶν
1693 5445 2050 5526 ,ἀγαπώντων

406 5524 565 5581 αὐτόν
577 5570 590 5584 .

477 5612 635 5667 «Καὶ
691 5610 983 5689 εὐλογείτω
1037 5623 1181 5673 πᾶσα
1239 5619 1367 5696 σὰρξ
1420 5619 1484 5674 τὸ
1542 5614 1717 5694 ὄνομα
1768 5620 1832 5676 τὰ
1889 5624 2048 5699 ἅγιον

405 5697 589 5756 αὑτοῦ.
626 5726 651 5750 ››
684 5734 751 5741 —
799 5701 1209 5782 Συνεκδοχικῶς
1254 5706 1343 5762 τὸν
1396 5705 1677 5783 ἄνθρωπον
1708 5708 1837 5766 δ’λον
1871 5697 2042 5789 λέγει,

408 5785 497 5844 τὸν
529 5788 714 5845 πιστὸν
748 5786 961 5865 δηλαδή
974 5835 987 5849 .

2249 3457 2503 3535 «Κύριος
2562 3459 2679 3516 λύει
2734 3461 3166 3538 πεπεδημένους.
3217 3490 3246 3517 ››
3289 3498 3360 3509 --
3406 3465 3798 3540 Πεπεδημένους

2176 3548 2240 3603 ού
2298 3548 2459 3621 μόνον
2519 3548 2570 3604 ἐν
2625 3557 2929 3630 συμφοραῖς
2993 3554 3273 3628 βιωτικαῖς
3304 3600 3323 3629 ,
3383 3556 3539 3613 ἀλλᾶ
3611 3557 3696 3612 καὶ
3760 3556 3803 3610 ἰν

2176 3642 2378 3713 σειραῖς
2462 3639 2740 3713 ἁμαρτιῶν
2775 3684 2790 3709 ,
2855 3641 2947 3697 καὶ
3018 3643 3261 3722 τυφλοὺς
3330 3644 3398 3699 ού
3477 3646 3639 3720 μόνον
3699 3644 3804 3705 τοὺς

2175 3726 2517 3800 σωματικοὺς
2544 3728 2885 3807 ἀφθαλμοὺς,
2938 3729 3086 3787 ἀλλὰ
3131 3734 3223 3789 καὶ
3264 3755 3397 3798 τους
3436 3735 3707 3812 ψυχικοὺς
3730 3734 3804 3789 καὶ

2171 3813 2633 3891 κατεῤῥαγμένους
2685 3817 2748 3872 ού
2808 3817 2970 3891 μόνον
3029 3818 3082 3890 ἐξ
3141 3821 3318 3897 ὑγείας
3378 3823 3459 3886 είς
3504 3823 3682 3892 νόσον,
3726 3820 3802 3876 καὶ

2171 3902 2460 3979 εὐπραγίας
2512 3910 2591 3968 εἷς
2649 3902 3005 3983 δυσπραγίαν,
3055 3906 3202 3964 ἀλλά
3254 3910 3344 3966 καὶ
3397 3911 3456 3983 ἐξ
3503 3913 3693 3987 ἀρετῆς
3740 3909 3806 3971 εἰς

2169 3990 2354 4047 κακίαν
2390 4037 2403 4050 .
2465 3992 2672 4057 Ηάντας
2744 3994 2971 4059 τούτους
3040 3997 3248 4054 εὖποιεῖ
3305 3999 3514 4078 Κύριος
3549 4046 3564 4071 ,
3624 4000 3669 4055 εἰ
3721 3998 3805 4053 ούκ

2171 4081 2525 4141 ἀνθίστανται.

2243 4194 2270 4222 ‹‹
2327 4169 2525 4245 Κύριος
2599 4172 2781 4247 ἀγαπᾷ
2854 4170 3094 4238 δικαίους
3128 4219 3142 4232 .
3203 4199 3231 4228 »
3290 4209 3360 4219 -—
3417 4177 3667 4239 Δικαίους
3724 4175 3804 4248 μὲν

2171 4256 2513 4329 ὑποληπτέον
2554 4260 2672 4336 ἄρτι
2719 4261 2846 4324 τοὺς
2895 4261 2973 4325 εἷς
3021 4259 3129 4334 ’έξιν
3176 4261 3284 4335 ἤδη
3338 4265 3687 4345 πεφθακότας
3721 4270 3807 4332 τῆς

2170 4347 2385 4423 ἀρετῆς,
2420 4346 2800 4423 προσηλύτους
2832 4346 2892 4405 δὲ
2934 4349 3064 4413 τοὺς
3110 4350 3439 4428 ἀρτιπαγεῖς
3478 4356 3616 4431 πρὸς
3645 4352 3803 4408 αὐτόν.

2241 4436 2548 4514 «Ὀρφανὸν
2593 4436 2683 4491 καὶ
2730 4438 2908 4515 χήραν
2960 4436 3319 4515 ἀναλήψεται.
3374 4467 3403 4495 ››
3459 4477 3533 4485 -
3572 4441 3806 4522 Ὀρφανὸν

2166 4524 2256 4579 καὶ
2310 4527 2488 4601 χήραν
2549 4525 2682 4603 φησὶ
2735 4525 2862 4590 τοὺς
2928 4527 3327 4593 καταλιπόντας
3381 4531 3456 4587 τὰ
3516 4531 3691 4587 οἰκεῖα
3736 4527 3810 4584 διὰ

2163 4613 2254 4667 τὸν
2311 4612 2545 4689 Κύριον
2604 4612 2874 4689 ἀνάληψιν
2958 4612 3018 4671 δὲ
3067 4618 3168 4687 τὴν
3223 4614 3575 4692 ἱδιοποίησίν
3631 4639 3688 4674 τε
3734 4616 3808 4673 καὶ

1992 4769 2061 4779 ___
2088 4726 2136 4793 D
2168 4701 2460 4793 οἶκείωσιν.

2239 4815 2268 4842 ‹‹
2297 4790 2397 4845 Καὶ
2449 4788 2573 4847 ὁδὸν
2624 4789 2967 4867 ἁμαρτωλῶν
3015 4795 3245 4873 ἀφανιεῖ.
3297 4819 3328 4847 ››
3360 4830 3438 4839 -
3481 4798 3594 4867 Τήν
3641 4794 3808 4872 πρᾶξιν

2163 4883 2267 4934 τῶν
2301 4877 2642 4955 ἁμαρτωλῶν
2676 4878 2804 4950 ἤτοι
2848 4882 2949 4952 τὴν
3002 4883 3293 4961 ἁμαρτίαν,
3322 4887 3433 4956 τήν
3483 4886 3701 4961 κακίαν,
3726 4886 3808 4954 τήν

2163 4990 2301 5040 πονη
2311 4989 2338 5044 ρ
2348 4968 2427 5023 ίαν
2438 5014 2451 5027 .

2236 5082 2263 5110 ‹‹
2294 5056 2603 5113 Βασιλεύσει
2633 5058 2831 5136 Κύριος
2864 5058 2940 5123 εἷς
2974 5059 3068 5117 τὸν
3116 5061 3303 5118 αἰῶνα.
3340 5087 3371 5116 ››
3407 5098 3487 5108 —
3516 5063 3812 5121 Βασιλεύσει

2160 5147 2249 5201 καὶ
2280 5147 2354 5208 ὡς
2386 5146 2690 5223 ἄνθρωπος.

2232 5259 2262 5287 ‹‹
2291 5237 2347 5289 '0
2377 5230 2507 5298 Θεός
2558 5256 2675 5305 σου,
2724 5238 2890 5309 Σιὼν,
2941 5238 3018 5301 εἰς
3064 5238 3247 5314 γενεὰν
3297 5238 3394 5294 καὶ
3452 5245 3671 5316 γενεάν.
3701 5266 3809 5295 ››-

2159 5324 2294 5381 Ἀπὸ
2348 5326 2530 5378 κοινοῦ
2583 5325 2646 5379 τὸ
2706 5324 3009 5400 βασιλεύσει
3044 5368 3057 5381 .
3120 5326 3265 5381 Σιὼν
3319 5323 3385 5382 δὲ
3448 5331 3680 5401 νοητέον
3722 5331 3803 5399 τήν

2158 5411 2483 5484 Ἐκκλησίαν
2512 5417 2620 5467 τῶν
2651 5418 2876 5469 πιστῶν.

2724 5522 3020 5577 ΨΔΛΜΟΣ
3069 5524 3231 5586 ΡΜς’.

2227 5647 2257 5677 ‹‹
2288 5622 2650 5700 ’Δλληλούΐα,
2699 5626 2958 5703 ’Δγγαίου
3004 5627 3094 5683 καί
3141 5628 3450 5706 Ζαχαρίου.
3506 5657 3538 5685 ››
3579 5665 3653 5676 —
3693 5631 3798 5707 Περὶ

2152 5716 2250 5783 τῆς
2297 5713 2356 5768 ἐκ
2414 5708 2742 5778 Βαϐυλῶνος
2800 5714 3059 5788 ἐηανόδου
3117 5718 3146 5772 ὑ
3202 5720 3397 5796 παρὼν
3460 5719 3641 5779 ἔοικεν
3688 5722 3795 5778 εἶναι

2153 5801 2393 5882 ψαλμός.
