3998 6424
290 457 445 521 1617
1507 460 1912 524 EXPOSITIO

2089 458 2230 520 PSA
2242 459 2470 521 LMOS.
3529 457 3688 520 1618

358 588 628 648 «Αἰνεῖτε
669 590 761 646 τὸν
809 590 1028 667 Κύριον,
1078 590 1162 648 ὅτι
1227 591 1422 668 ἀγαθὸς
1484 589 1726 665 ψαλμός,
1780 616 1806 641 ››
1862 622 1930 630 —
1959 597 2011 664 Α
2113 613 2142 642 ‹‹
2175 593 2294 644 Ὅτι
2325 589 2573 664 ἐνίσχυσε
2616 588 2743 653 τοὺς
2788 585 3036 665 μοχλοὺς
3092 592 3199 644 τῶν
3255 582 3444 642 πυλῶν
3502 607 3616 643 σου.
3654 609 3681 637 ››

283 681 400 733 Ὅτι
433 681 630 755 ἀγαθὸν
656 682 682 734 6
714 680 884 750 αἶνος,
904 683 939 751 ἡ
975 679 1275 757 ὑμνολογία
1296 686 1392 736 τοῦ
1423 685 1573 736 Θεοῦ.
2041 713 2108 721 —-
2137 680 2256 742 Θεῖς
2289 679 2482 742 αὐτοὺς
2513 677 2906 757 ἄδιαρῥήκτους
2933 684 3049 741 τοῖς
3081 677 3393 750 πολεμίοις.

355 791 382 819 ‹‹
428 773 516 840 Τῷ
574 773 689 840 Θεῷ
745 771 905 840 ἡμῶν
959 767 1212 841 ἡδυνθείη
1274 768 1492 830 αίνεσις.
1543 797 1570 822 ››
1631 801 1698 810 —
1749 765 1931 823 Ἡδεῖα
2116 793 2139 821 ι
2173 767 2457 843 Εὐλόγησε
2486 769 2610 832 τοὺς
2658 769 2806 831 υἱούς
2837 790 2932 824 σου
2972 768 3024 824 ἐν
3081 767 3249 822 σοί.»
3279 799 3348 808 --
3378 765 3677 842 Ἐγαρίτω-

283 856 587 932 λογισθείη,
646 856 1033 934 προσδεχθείη.
1094 863 1262 914 Τοῦτο
1333 856 1390 914 δὲ
1453 857 1675 934 γίνεται,
1718 855 1840 911 ὅταν
1901 856 1928 909 6

282 945 439 1002 αἰνῶν
478 946 596 1022 βίον
627 943 732 1022 ἓχῃ
763 948 1063 1023 θεάρεστον.

354 1060 381 1088 ‹‹
415 1033 734 1109 Οἷκοδομῶν
789 1034 1153 1111 Ἰερουσαλὴμ
1207 1036 1235 1092 6
1293 1035 1510 1111 Κύριος.
1570 1060 1598 1086 ››
1657 1067 1722 1076 -
1777 1035 1926 1089 Ἔστι

281 1121 535 1196 δηλονότι
566 1127 657 1181 καὶ
682 1124 782 1182 οὐκ
811 1123 982 1187 ἄλλος
1015 1122 1212 1186 οὐδείς.

353 1219 516 1276 «Τάς
575 1211 869 1286 διασπορὰς
928 1212 1144 1288 Ἰσραὴλ
1207 1211 1526 1288 ἐπισυνάξει.
1587 1237 1616 1265 ››
1670 1245 1738 1255 -
1794 1212 1925 1286 Περὶ

275 1307 382 1356 τῶν
462 1301 882 1380 ὐποληφθέντων
937 1305 972 1372 ἡ
1029 1301 1353 1379 προφητεία·
1415 1301 1476 1356 οὐ
1553 1302 1654 1377 γὰρ
1733 1299 1921 1374 ἀθρόοι

276 1390 471 1454 πάντες
503 1393 873 1466 συνήχθησαν.

350 1481 464 1534 «Ὁ
530 1480 763 1552 ἰώμενος
845 1479 973 1541 τοὺς
1059 1479 1545 1556 συντετριμμένους
1624 1479 1721 1547 τὴν
1797 1497 1922 1554 καρ-

277 1567 417 1627 δίαν.
452 1593 480 1621 ››
513 1603 583 1610 -
612 1568 746 1625 Ἀπὸ
787 1573 1077 1647 συμφορῶν
1128 1566 1381 1640 δηλονότι
1439 1569 1527 1622 καὶ
1581 1571 1916 1643 πειρασμῶν.

347 1682 375 1710 ‹‹
408 1658 507 1712 Καὶ
590 1655 864 1731 δεσμεύων
922 1659 988 1712 τά
1058 1657 1432 1732 συντρίμματα
1507 1656 1703 1712 αὐτῶν.
1763 1680 1790 1709 »
1851 1689 1919 1697 —

275 1747 474 1820 Δεσμοὶ
526 1748 940 1823 συντριμμάτων
991 1747 1045 1801 αἱ
1097 1744 1165 1801 δι’
1196 1744 1369 1823 ἔργων
1409 1747 1497 1801 καὶ
1539 1745 1714 1822 λόγων
1770 1757 1918 1821 θερα-

272 1841 441 1907 πεῖαι,
474 1835 827 1912 παρηγορίαι.

344 1949 373 1977 ‹‹
402 1926 461 1979 Ὁ
518 1926 765 2000 ἀριθμῶν
821 1924 1008 1995 πλήθη
1085 1925 1293 2001 ἄστρων
1351 1926 1440 1980 καὶ
1505 1931 1664 1979 πᾶσιν
1736 1924 1918 1986 αὐτοῖς

273 2013 508 2087 ὀνόματα
553 2013 758 2070 καλῶν.
795 2036 826 2066 ››
857 2047 926 2054 -
954 2014 1086 2088 Περὶ
1133 2021 1232 2083 τῆς
1275 2018 1372 2068 106
1428 2014 1628 2089 Κυρίου
1677 2013 1916 2090 χρηστό-

268 2123 432 2173 τητος
494 2101 685 2172 εἰπὼν,
746 2107 837 2155 νῦν
896 2102 987 2156 καὶ
1062 2102 1186 2177 περὶ
1259 2109 1357 2172 τῆς
1433 2103 1678 2178 γνώσεως
1757 2102 1919 2157 αὐτοῦ

271 2213 401 2268 φησι
447 2191 537 2245 καὶ
595 2188 896 2263 δυνάμεως,
952 2190 980 2244 6
1023 2192 1113 2245 τὸν
1172 2191 1400 2266 ἀριθμὸν
1477 2192 1756 2266 γινώσκων
1822 2196 1919 2246 τοῦ

268 2277 515 2349 πλήθους
574 2283 680 2332 τῶν
741 2281 809 2352 (Ϋ)
866 2277 957 2333 καὶ
1019 2278 1261 2352 ὀνόματα
1325 2277 1654 2348 κατάλληλα
1707 2279 1920 2346 τούτοις

270 2366 548 2437 ἐπιτιθεὶς,
604 2367 634 2421 ’ὸ
691 2370 790 2436 τῆς
849 2363 1105 2444 ἀκριϐοῦς
1163 2368 1251 2422 καὶ
1310 2365 1608 2429 οὐσιώδους
1666 2369 1918 2442 γνώσεώς

272 2455 410 2510 ἐστιν
445 2455 768 2534 ἐμφαντικόν
779 2496 792 2508 .

342 2568 369 2594 ‹‹
413 2544 596 2618 Μέγας
625 2545 653 2598 6
693 2543 889 2620 Κύριος
930 2545 1113 2616 ἡμῶν,
1145 2545 1234 2598 καὶ
1290 2544 1502 2620 μεγάλη
1534 2547 1568 2613 ἠ
1629 2544 1788 2622 ἰσχὺς
1832 2545 1921 2600 αὐ-

269 2637 384 2686 τοῦ’
417 2633 509 2687 καὶ
563 2639 664 2702 τῆς
721 2632 983 2693 συνέσεως
1042 2631 1206 2687 αὐτοῦ
1261 2633 1360 2687 οὐκ
1411 2630 1551 2688 ἔστιν
1605 2633 1855 2709 ἀριθμός.
1891 2657 1918 2684 ››

271 2755 340 2765 --
387 2723 476 2791 Μὴ
533 2723 705 2792 ζήτει,
746 2721 901 2799 φησὶ,
950 2725 1069 2784 πῶς
1115 2721 1410 2794 ἐπισυνάξει
1455 2723 1546 2777 τὸν
1597 2722 1647 2777 ἐν
1687 2723 1920 2797 τοσαύτῃ

271 2814 344 2885 γῇ
395 2808 808 2886 διεσπαρμένον,
843 2807 1016 2864 εἴδεουν
1065 2809 1487 2886 ἐσκορπισμένον
1543 2809 1672 2866 λαὸν
1733 2811 1916 2866 αὐτοῦ·

277 2896 491 2973 μεγάλη
551 2899 654 2973 γὰρ
701 2900 736 2967 ἡ
792 2901 888 2952 τοῦ
946 2898 1148 2975 Κυρίου
1206 2895 1458 2972 δύναμις,
1509 2900 1598 2954 καὶ
1663 2903 1698 2969 ἡ
1758 2900 1920 2978 σοφία

270 2986 434 3042 αὐτοῦ
473 2983 729 3063 ἄμετρος.

343 3098 372 3128 ‹‹
404 3071 812 3149 Δναλαμϐάνων
864 3081 1054 3152 πραεῖς
1105 3077 1132 3129 ὁ
1184 3075 1398 3152 Κύριος.
1451 3101 1480 3128 ››
1527 3111 1596 3119 -
1647 3078 1917 3132 Ἀνακτώ-

271 3185 450 3237 μενος,
501 3165 696 3241 φέρων,
747 3160 1115 3234 διαϐαστάζων
1165 3169 1442 3241 πατρικῶς
1496 3187 1553 3220 τε
1608 3166 1697 3222 καὶ
1753 3163 1914 3236 κηδε-

267 3274 532 3325 μονικως.

2038 879 2123 912 σεν
2178 857 2373 920 αὐτοὺς
2433 858 2510 922 εἷς
2565 857 2903 928 πλῆθος,εἰς
2963 857 3141 932 ἰσχὺν,
3188 855 3266 918 εἷς
3321 853 3550 924 σύνεσιν,
3601 854 3676 918 εἷς

2037 943 2296 1020 πλοῦτον,
2325 947 2416 1000 καὶ
2444 947 2505 1002 τὸ
2537 944 2603 1016 δὴ
2649 945 2897 1021 μέγιστον
2947 944 2998 1000 έν
3046 942 3130 1000 σοὶ
3173 939 3563 1016 συνηγμένους,
3602 942 3679 1015 μὴ

2038 1033 2478 1111 διεσπαρμένους.

2107 1148 2135 1176 ‹‹
2168 1126 2224 1179 '0
2255 1125 2419 1189 τιθεὶς
2446 1126 2514 1180 τὰ
2560 1122 2684 1199 ὅριά
2730 1145 2824 1178 σου
2883 1123 3124 1200 εἰρήνην.
3158 1144 3187 1174 ›>
3221 1155 3291 1163 —
3319 1120 3403 1178 Τὰ
3432 1118 3681 1196 ὁροθέσια

2032 1214 2198 1276 τιθεὶς
2248 1213 2308 1268 οὐ
2365 1213 2609 1290 βουνοὺς,
2661 1212 2721 1268 οὐ
2780 1210 3005 1284 στήλας,
3037 1209 3164 1268 ἀλλ’
3203 1209 3423 1287 εἰρήνην
3469 1209 3528 1268 ὲκ
3579 1213 3677 1265 τοῦ

2033 1300 2352 1357 ἀπελαύνειν
2387 1325 2482 1358 σου
2511 1303 2766 1358 πάντοθεν
2797 1303 2887 1356 τὸν
2909 1299 3175 1374 πόλεμον.

2105 1415 2133 1443 ‹‹
2166 1392 2264 1446 Καὶ
2322 1392 2479 1468 στέαρ
2538 1397 2711 1468 πυροῦ
2752 1390 3087 1464 ἐμπιμπλῶν
3143 1410 3220 1447 σε.
3277 1412 3305 1440 ››
3335 1421 3404 1431 -—
3450 1388 3549 1443 Καὶ
3597 1387 3675 1450 εἰς

2031 1477 2359 1553 πλησμονὴν
2392 1479 2574 1543 διδούς
2619 1502 2702 1535 σοι
2758 1482 2832 1556 μή
2868 1485 3011 1535 σῖτον
3068 1478 3279 1549 ἁπλῶς,
3310 1477 3456 1534 ἀλλὰ
3510 1489 3672 1551 πιμεέ-

2033 1566 2132 1637 λήν
2167 1569 2336 1624 σίτου·
2373 1569 2515 1646 λέγει
2547 1567 2604 1624 δὲ
2630 1571 2728 1638 τὴν
2761 1566 3067 1642 σεμίδαλιν.

2100 1681 2128 1708 ‹‹
2159 1663 2212 1711 Ὁ
2243 1657 2576 1713 ἐπιστέλλων
2609 1658 2676 1713 τὰ
2705 1656 2864 1734 λόγια
2893 1656 3057 1711 αὐτοῦ
3083 1660 3153 1730 τῇ
3329 1651 3436 1716 ἕως
3463 1652 3669 1730 τάχους

2029 1742 2312 1820 δραμεῖται
2345 1747 2372 1801 ὁ
2405 1747 2568 1822 λόγος
2596 1746 2779 1804 αὐτοῦ.
2815 1769 2844 1798 ››
2873 1780 2942 1787 -
2971 1745 3166 1822 Λόγιον
3206 1744 3296 1799 καὶ
3346 1743 3511 1818 λόγον
3560 1765 3671 1820 φη-

2027 1833 2106 1887 σὶν
2185 1833 2407 1899 ἐνταῦθα
2471 1836 2536 1889 τὸ
2618 1835 2924 1892 συνεκτικὸν
2998 1840 3100 1903 τῆς
3177 1831 3468 1910 ἔγκοσμίου
3525 1836 3669 1900 ζωῆς

2024 1922 2350 1999 πρόσταγμα
2404 1925 2568 1996 θεῖον,
2629 1925 2692 1978 οὗ
2738 1923 2802 1978 τὸ
2858 1921 3180 1999 δραστήριον
3242 1921 3332 1978 διὰ
3397 1925 3496 1977 τοῦ
3565 1916 3671 1982 ἕως

2025 2013 2230 2088 τάχους
2262 2012 2545 2089 δραμεῖται
2575 2009 2874 2084 δεδήλωκε.

2100 2126 2128 2154 (ι
2163 2100 2412 2164 Διδόντος
2462 2101 2625 2179 χιόνα
2673 2103 2800 2157 ὡσεὶ
2848 2097 3012 2178 ἔριον.
3051 2124 3079 2153 ››
3127 2133 3196 2142 ——
3239 2098 3392 2154 Οὕτω
3449 2098 3668 2168 πολλὴν

2027 2191 2115 2244 καὶ
2146 2191 2318 2253 οὕτως
2349 2190 2566 2264 ἀθρόαν,
2599 2192 2675 2253 ὡς
2726 2191 2776 2245 ἐν
2838 2192 3032 2268 βραχεῖ
3084 2195 3257 2246 πᾶσαν
3308 2187 3674 2246 καλύπτεσθαι

2026 2280 2124 2347 τήν
2157 2286 2283 2354 γῆν,
2314 2281 2549 2353 καθάπερ
2581 2278 2682 2334 ὑπό
2711 2300 2856 2340 τινος
2887 2278 3033 2355 ἐρίου
3065 2278 3279 2333 λευκοῦ.

2100 2392 2128 2418 ‹‹
2161 2365 2434 2443 Ὁμίχλην
2486 2367 2616 2422 ὡσεὶ
2655 2365 2852 2423 σποδὸν
2911 2367 3225 2428 πάσσοντος.
3271 2390 3298 2418 ››
3337 2399 3406 2408 —-—
3450 2365 3670 2435 Η-ολλήν

2029 2455 2119 2511 καί
2149 2457 2344 2532 ἀθρόαν
2375 2457 2464 2510 καὶ
2492 2457 2713 2526 ταύτην.

2107 2570 2127 2596 α
2163 2543 2470 2608 Βάλλοντος
2502 2543 2843 2621 κρύσταλλον
2877 2545 3041 2602 αὐτοῦ
3081 2545 3209 2599 ὡσεὶ
3263 2542 3514 2617 ψωμούς.
3546 2567 3574 2598 υ
3605 2576 3674 2586 —-

2030 2633 2158 2708 Περὶ
2212 2640 2311 2702 τῆς
2370 2631 2620 2708 χαλάζης
2676 2634 2704 2687 ὁ
2755 2632 2917 2708 λόγος
2973 2632 3096 2702 ἥτις
3153 2635 3358 2707 ψωμοῦ
3412 2632 3672 2707 κέρμασιν

2029 2743 2082 2777 εο
2092 2743 2188 2778 ικε.

2100 2833 2129 2862 ‹‹
2162 2810 2306 2865 Κατά
2368 2809 2657 2885 πρόσωπον
2729 2811 2940 2886 ψύχους
3011 2809 3179 2864 αὐτοῦ
3232 2808 3316 2870 τίς
3374 2810 3672 2880 ὑποστήσε-

2023 2918 2150 2968 ται;
2191 2921 2218 2952 ο
2274 2932 2342 2940 -
2389 2899 2488 2953 Καὶ
2535 2903 2695 2954 τοῦτο
2751 2897 3052 2972 θαυμαστὸν
3111 2903 3226 2960 πῶς
3277 2902 3521 2954 τοιοῦτον
3579 2898 3669 2956 καὶ

2024 2992 2278 3043 τοσοῦτον
2311 2991 2488 3063 ψῦχος
2520 2985 2804 3066 αἰφνίδιον.

2097 3100 2125 3128 ‹‹
2159 3078 2409 3133 Ἀποστεῖ
2461 3077 2550 3131 τὸν
2605 3075 2769 3151 λόγον
2815 3075 3000 3146 αὐτοῦ,
3031 3076 3119 3130 καὶ
3147 3075 3294 3146 τήξει
3351 3074 3504 3132 αὐτά.
3537 3098 3563 3126 ι
3597 3105 3667 3118 --

2023 3165 2092 3218 Τὸ
2124 3170 2266 3231 θεῖον
2298 3169 2469 3239 νεῦμα
2496 3164 2584 3220 καὶ
2614 3161 2952 3241 πρόσταγμα.

2095 3277 2123 3306 ‹‹
2161 3253 2376 3308 Πνεύσει
2407 3253 2468 3308 τὸ
2508 3258 2720 3327 πνεῦμα
2750 3253 2936 3324 αὐτοῦ,
2965 3254 3055 3308 καί
3112 3252 3366 3329 ῥυήσεται
3421 3248 3606 3309 ὕδατα.
3633 3275 3662 3305 ››

332 3346 664 3396 «Ταπεινῶν
699 3338 757 3397 δὲ
812 3341 1176 3418 ἁμαρτωλοὺς
1231 3339 1337 3405 ἕως
1394 3343 1520 3417 γῆς.
1553 3366 1581 3396 ››
1614 3377 1683 3385 -
1715 3345 1906 3398 Καθαι-
1938 3329 1982 3396 C
2021 3375 2090 3384 —
2146 3342 2366 3397 Πνεύσει
2435 3344 2464 3398 6
2542 3343 2759 3416 ἄνεμος·
2815 3346 2977 3398 τοῦτο
3059 3343 3182 3418 γὰρ,
3242 3339 3397 3420 φησί,
3451 3346 3668 3415 πνεῦμα

261 3434 369 3504 ρῶν
415 3426 624 3508 σφόδρα
676 3430 804 3492 τοὺς
864 3429 1260 3508 ὑπερηφάνους·
1319 3431 1543 3494 τούτους
1601 3433 1705 3508 γὰρ
1765 3432 1909 3486 εἶπεν

264 3516 651 3591 ἁμαρτωλοὺς,
729 3517 909 3595 ὥσπερ
995 3525 1184 3595 πραεῖς
1265 3520 1391 3582 τοὺς
1475 3519 1758 3582 ταπεινοὺς
1840 3524 1908 3594 τῇ

260 3605 476 3682 καρδίᾳ.

334 3719 363 3747 ‹‹
396 3695 678 3772 Ἐξάρξατε
749 3699 828 3767 τῷ
902 3695 1088 3772 Κυρίῳ
1160 3695 1212 3750 ἐν
1284 3695 1694 3773 ἐξομολογήσει.
1755 3723 1784 3750 ››
1840 3729 1908 3740 —-

264 3783 544 3860 Ἐξάρξατε
572 3783 718 3856 αὐτῷ
748 3782 898 3856 ᾠδῆς
930 3784 1192 3856 δηλονότι
1221 3784 1273 3840 ἐν
1307 3785 1641 3861 εὐχαριστίᾳ.

335 3896 363 3924 ‹‹
395 3877 482 3943 Τῷ
513 3872 854 3944 ἑτοιμάζοντι
881 3879 949 3948 τῇ
1001 3878 1074 3948 γῇ
1126 3870 1296 3930 ὑετόν.
1332 3898 1359 3925 ››
1390 3908 1459 3916 -—
1491 3872 1739 3947 Συνῳδίᾳ
1790 3879 1908 3937 τοῖς

263 3959 316 4014 έν
348 3965 428 4032 τῷ
455 3963 536 4036 ργ¹
567 3960 794 4034 ψάλμῷ’
829 3964 945 4017 οἷον
973 3963 1038 4018 τὸ
1065 3962 1301 4032 ποτίζων
1335 3958 1435 4038 ὅρη
1488 3963 1548 4019 ἐκ
1585 3968 1693 4018 τῶν
1743 3964 1907 4038 ὑπερ-

262 4049 384 4119 ῴων
418 4049 602 4119 αὐτοῦ,
633 4050 723 4104 καὶ
755 4051 898 4121 ἑξῆς.

334 4161 363 4189 ‹‹
397 4135 610 4193 Διδόντι
638 4144 759 4201 τοῖς
787 4141 1005 4210 κτήνεσι
1034 4140 1134 4208 τήν
1164 4141 1371 4218 τροφὴν
1428 4140 1602 4195 αὐτῶν
1655 4143 1745 4195 καὶ
1791 4147 1905 4203 τοῖς

258 4231 507 4289 νεοσσοῖς
556 4231 665 4282 τῶν
712 4229 960 4304 κοράκων
1008 4233 1126 4291 τοῖς
1165 4228 1614 4301 ἐπικαλουμένοις
1662 4230 1838 4287 αὐτόν.
1874 4252 1900 4285 η

254 4349 324 4357 —
361 4319 477 4370 Τῶν
526 4317 630 4392 γὰρ
672 4315 920 4392 κοράκων
965 4317 1094 4380 τοὺς
1145 4317 1381 4380 οἰκείους
1437 4316 1907 4394 ἐγκαταλιπόντων

251 4402 505 4466 νεοσσοὺς
562 4401 631 4458 δι’
688 4405 952 4478 ὠμότητα
1009 4406 1097 4461 καὶ
1163 4406 1523 4481 μισοτεκνίαν,
1558 4408 1586 4462 ὁ
1646 4409 1773 4470 Θεὸς
1827 4414 1906 4482 τῷ

252 4499 353 4560 τῆς
393 4492 652 4565 προνοίας
701 4490 1102 4571 ὑπερϐάλλοντι
1150 4496 1436 4574 τρέφεσθαι
1479 4496 1703 4560 τούτους
1752 4497 1906 4553 οἰκο-

253 4585 414 4653 νομεῖ
458 4581 760 4657 κεχηνότας
811 4585 921 4638 ἅνω
971 4585 1060 4638 καὶ
1116 4586 1432 4661 κράζοντας,
1487 4586 1576 4640 καὶ
1645 4583 1734 4641 διὰ
1807 4593 1904 4641 τοῦ

257 4667 414 4744 ἀέρος
475 4670 898 4748 συνεφέλκοντας
956 4677 1072 4735 τοῖς
1157 4673 1414 4745 στόμασιν
1469 4673 1643 4730 αὐτῶν
1701 4675 1906 4752 ζωύφιά

254 4779 374 4812 τινα
403 4758 542 4833 πρὸς
572 4762 801 4836 τροφήν.

336 4868 360 4896 ι
391 4846 502 4900 Οὐκ
555 4846 608 4900 ἐν
660 4845 941 4919 δυναστείᾳ
993 4855 1091 4905 τοῦ
1142 4847 1316 4905 ’ίππου
1377 4849 1615 4921 θελήσει³
1676 4850 1801 4907 οὐδὲ
1857 4853 1908 4907 ἐν

255 4938 377 4995 ταῖς
420 4935 661 5006 κνήμαις
689 4940 787 4990 τοῦ
836 4934 1027 5013 ἀνδρὸς
1077 4935 1305 4996 εὐδοκεῖ.
1358 4962 1386 4989 ››
1435 4972 1505 4981 ——
1557 4940 1805 5015 Ἐπείπερ
1855 4944 1907 4996 οἱ

257 5020 319 5076 ἐκ
345 5029 445 5091 τῆς
477 5022 864 5098 αἰχμαλωσίας
894 5025 1132 5088 ἀσθενεῖς
1170 5028 1304 5096 ἦσαν
1355 5027 1443 5082 καὶ
1493 5026 1713 5098 ἄοπλοι,
1748 5032 1910 5104 θερα-

253 5109 408 5164 πεύει
456 5108 546 5165 διὰ
600 5111 809 5168 τούτων
864 5113 1080 5176 αὐτούς.
1115 5113 1346 5186 Θέλησιν
1407 5113 1464 5170 δὲ
1514 5117 1602 5170 καὶ
1660 5115 1904 5174 εὐδοκίαν

251 5199 354 5267 τήν
414 5197 558 5254 θείαν
623 5197 771 5276 λέγει
830 5201 1030 5278 ῥοπήν·
1089 5199 1395 5258 δυναστείαν
1446 5201 1504 5258 δὲ
1548 5204 1637 5258 καὶ
1692 5208 1904 5280 κνήμας

252 5287 358 5355 τήν
389 5282 637 5360 δύναμιν.

825 5398 1124 5454 ΨΑΛΜΟΣ
1167 5399 1335 5454 ΡΜΖ’·

328 5522 358 5550 ‹‹
392 5497 652 5573 Ἐπαίνει,
709 5501 1096 5577 Ἰερουσαλὴμ,
1168 5503 1260 5558 τὸν
1328 5503 1547 5579 Κύριον·
1618 5503 1754 5562 αἷ¹νει
1814 5509 1903 5563 τὸν

256 5585 388 5644 Θεόν
448 5608 567 5660 σου,
603 5589 769 5646 Σιών.
808 5614 834 5642 υ
866 5624 934 5632 -
991 5589 1354 5665 Ἰερουσαλὴμ
1413 5594 1507 5666 μὲν
1538 5596 1573 5664 ἠ
1609 5593 1906 5670 οἷ’κοδομη-

259 5679 408 5733 θεῖσα
440 5675 626 5740 πόλις.
659 5679 800 5734 Σιὼν
855 5675 912 5734 δὲ
959 5678 1021 5733 τὸ
1068 5674 1217 5755 ὅρος,
1271 5679 1352 5758 ἐφ’
1395 5682 1457 5736 οὗ
1503 5682 1636 5754 αὕτη
1698 5683 1903 5757 ᾠκοδό-

266 5787 430 5841 μητο·
463 5773 564 5836 τῆς
595 5767 762 5839 αὐτῆς
796 5765 853 5824 δὶ
880 5768 1122 5842 ὀνόματα
1151 5769 1239 5824 καὶ
1271 5769 1566 5848 ἀμφότερα.

2018 3430 2182 3485 αὐτοῦ
2212 3431 2286 3493 ὡς
2317 3431 2515 3505 κτίσμα
2544 3432 2730 3501 αὐτῆς,
2763 3431 2852 3486 καὶ
2880 3428 3012 3504 ἔλθῃ
3039 3429 3208 3493 ὑετός.

2093 3543 2120 3571 ‹‹
2146 3521 2202 3573 '0
2251 3517 2616 3594 ἀπαγγέλλων
2675 3520 2738 3574 τὸ
2792 3519 2978 3595 λόγιον
3031 3518 3197 3574 αὐτοῦ
3251 3523 3330 3590 τῷ
3385 3513 3597 3577 Ἰακώϐ.
3633 3543 3663 3571 ››

2017 3613 2216 3662 -Νῦν
2277 3608 2408 3686 φησὶ
2463 3608 2526 3662 τὸ
2581 3607 2767 3684 λόγιον
2829 3607 2994 3663 αὐτοῦ
3045 3608 3135 3662 καὶ
3179 3604 3520 3680 δικαιώματα
3573 3607 3663 3664 καὶ

2017 3696 2274 3771 κρίματα·
2309 3691 2506 3751 Ἰακὼϐ
2560 3694 2618 3752 δὲ
2663 3696 2752 3751 καὶ
2785 3695 3008 3772 Ἰσραὴλ
3063 3696 3156 3751 τὸν
3213 3695 3411 3752 ἐκεῖθεν
3463 3716 3664 3773 κατηγ-

2021 3788 2180 3856 μένον
2213 3784 2342 3840 λαόν
2353 3827 2365 3839 .

2094 3897 2114 3924 α
2149 3873 2259 3928 Οὐκ
2315 3872 2564 3943 ἐποίησεν
2627 3872 2798 3934 οὕτως
2853 3872 3014 3927 παντὶ
3065 3868 3224 3930 ἔθνει.
3261 3895 3289 3923 n
3317 3905 3389 3914 -
3439 3872 3510 3928 Τὸ
3566 3871 3666 3929 οὐκ

2017 3960 2240 4032 ἐποίησε
2267 3962 2425 4016 παντὶ
2451 3962 2568 4015 ἀντὶ
2594 3967 2692 4016 τοῦ
2720 3959 2896 4016 οὐδενὶ
2928 3961 3170 4031 ἐποίησε.

2088 4074 2116 4101 ‹‹
2150 4051 2344 4105 Καὶτά
2391 4050 2629 4124 κρίματα
2683 4049 2848 4105 αὐτοῦ
2905 4050 3004 4105 οὐκ
3059 4048 3331 4120 ἐδήλωσεν
3379 4050 3592 4114 ἀύτοῖς.
3633 4073 3656 4104 ι

2016 4173 2084 4182 --
2113 4140 2224 4194 Οὐκ
2254 4137 2451 4194 ἔδωκεν
2482 4139 2664 4201 αὐτοῖς
2694 4139 2786 4194 τὸν
2828 4140 3065 4215 γραπτὸν
3111 4139 3278 4212 νόμον
3329 4140 3376 4195 εἰ
3426 4141 3502 4213 μὴ
3559 4139 3660 4212 μό-

2014 4250 2105 4283 νον
2134 4229 2222 4282 τὸν
2255 4229 2496 4304 φυσικόν.

2586 4341 2878 4390 ΨΔΛΜΟΣ
2921 4341 3074 4390 ΡΜΗ¹

2091 4441 2364 4496 «Αἰνεῖτε
2419 4441 2508 4495 τὸν
2564 4439 2757 4516 Κύριον
2835 4439 2895 4495 ἐκ
2963 4445 3068 4494 τῶν
3151 4439 3414 4515 οὐρανῶν·
3465 4440 3660 4497 αἰνεῖτε

2017 4529 2176 4585 αὐτὸν
2238 4529 2288 4584 έν
2347 4535 2463 4590 τοῖς
2536 4529 2800 4602 ὁψίστοις’
2860 4528 3056 4583 αἰνεῖτε
3121 4528 3303 4601 αὐτὸν,
3357 4528 3548 4592 πάντες
3605 4532 3657 4584 οἱ

2014 4617 2235 4695 ἄγγελοι
2311 4617 2493 4672 αὐτοῦ·
2554 4618 2751 4672 αἰνεῖτε
2820 4616 3001 4687 αὐτὸν,
3059 4623 3223 4671 πᾶσαι
3291 4618 3346 4671 αἱ
3404 4615 3655 4691 δυνάμεις

1937 4697 1983 4760 D
2016 4707 2201 4765 016106.
2235 4730 2264 4758 υ
2298 4740 2365 4748 —
2397 4706 2737 4782 [Ιαγκόσμιον
2772 4708 2799 4761 6
2829 4708 3117 4782 προφήτης
3154 4706 3244 4760 τὸν
3292 4711 3432 4769 θεῖον
3486 4706 3654 4780 ὕμνον

2018 4794 2106 4851 διὰ
2133 4801 2240 4850 τῶν
2271 4794 2594 4851 τελευταίων
2646 4800 2811 4868 τριῶν
2871 4793 3075 4850 τούτων
3137 4793 3340 4871 ὑφαίνει
3395 4792 3656 4868 ψαλμῶν,

2017 4886 2130 4956 ἅμα
2163 4884 2257 4960 μὲν
2292 4883 2390 4938 οὐκ
2420 4879 2544 4938 ὄντα
2574 4880 2778 4945 δεικνὺς
2827 4882 3010 4937 ἑαυτὸν
3069 4880 3231 4954 μόνον
3292 4881 3465 4936 ἰκανὸν
3523 4883 3658 4959 πρὸς

2014 4975 2113 5043 τὴν
2145 4977 2242 5028 τοῦ
2272 4977 2405 5028 Θεοῦ
2447 4971 2738 5051 εὐφημίαν,
2773 4973 2885 5044 ἅμα
2930 4968 2989 5025 δὲ
3044 4969 3135 5024 καὶ
3195 4970 3375 5038 πάσης
3429 4970 3654 5034 κτίσεως

2015 5064 2215 5137 ὁρατῆς
2267 5061 2358 5116 καὶ
2416 5061 2646 5136 ἀοράτου
2701 5061 2936 5130 ποιητὴν
2990 5058 3367 5130 ἀνακηρύττων
3420 5059 3510 5115 τὸν
3570 5060 3657 5117 εὐ-

2016 5151 2393 5229 φημούμενον.
2426 5152 2521 5204 Ἐκ
2574 5153 2683 5204 τῶν
2743 5148 2984 5220 οὐρανῶν
3039 5145 3098 5202 δὲ
3143 5151 3238 5202 τοῦ
3285 5149 3510 5224 πρώτου
3564 5151 3660 5223 μὲν

2015 5239 2172 5295 καλεῖ
2245 5240 2381 5316 πρὸς
2465 5236 2656 5293 αἷᾭεσιν
2729 5242 2826 5293 τοῦ
2903 5234 3101 5313 Κυρίου
3182 5237 3249 5291 τὰ
3311 5236 3661 5314 λειτουργικὰ

2014 5328 2294 5402 πνεύματα
2350 5327 2610 5405 ἀγγέλους
2669 5327 2758 5381 καὶ
2817 5324 3072 5399 δυνάμεις
3153 5325 3435 5399 ὀνομάζων
3503 5327 3656 5399 αὐτὰ,

2013 5417 2077 5473 16
2131 5418 2224 5491 μὲν
2277 5417 2360 5473 ὅτι
2406 5418 2473 5472 10‘1
2521 5420 2639 5472 θεῖα
2685 5413 3072 5490 διαγγέλλουσι
3122 5414 3363 5491 ῥήματα,
3386 5417 3450 5472 τὸ
3499 5414 3546 5471 δ’
3575 5416 3659 5472 ὅτι

2017 5505 2267 5562 δύνανται
2297 5507 2545 5583 πληροῦν
2591 5508 2656 5561 10‘1
2703 5504 3111 5578 ἐπιταττόμενα·
3159 5503 3218 5560 ἐκ
3262 5510 3360 5560 τοῦ
3409 5503 3660 5582 δευτέρου

2017 5594 2074 5652 δὲ
2120 5595 2350 5672 οὐρανοῦ
2404 5596 2562 5653 καλεῖ
2608 5593 2734 5657 τοὺς
2785 5595 3029 5668 ἀστέρας,
3075 5594 3164 5649 καὶ
3225 5593 3384 5664 ἥλιον
3433 5595 3522 5649 καὶ
3575 5616 3662 5650 σε·

2017 5685 2191 5756 λήνην
2252 5687 2339 5740 καὶ
2392 5692 2527 5763 φῶς·
2584 5684 2642 5739 ἐκ
2687 5691 2786 5754 τῆς
2835 5691 2935 5760 γῆς
2987 5681 3044 5738 δέ
3075 5684 3280 5756 προϊὼν
3309 5687 3467 5738 καλεῖ
3493 5681 3660 5738 πάλιν

2018 5775 2114 5829 ὅσα
2156 5775 2292 5832 κατὰ
2344 5777 2441 5845 τήν
2503 5782 2626 5849 γῆν·
2687 5774 2777 5828 καὶ
2848 5771 3105 5828 καταλύει
3178 5773 3269 5828 τὸν
3346 5769 3508 5846 λόγον
3590 5773 3664 5835 εἷς
