3998 6450
384 436 541 502 1619

1619 440 2060 504 'NICEPHORI
2102 439 2541 503 BLEMMIDE

3609 440 3747 502 1620

378 569 506 632 τοὺς
554 569 873 648 ἀνθρώπους
920 568 1048 633 τοὺς
1105 570 1360 647 οὐρανίου
1415 592 1475 627 τε
1529 571 1621 627 καὶ
1665 578 1864 648 γεηρᾶς
1932 571 2025 627 οὐ-
2056 571 2507 642 ΑΑἰνεσάτωσαν
2578 567 2739 626 αὐτὸν
2809 568 2862 626 ἐν
2921 568 3158 649 εὐφωνίᾳ
3228 568 3319 625 καὶ
3393 574 3539 646 κοινῇ
3590 555 3748 647 ὓμνω-

383 659 498 723 σίας
558 660 902 735 μετέχοντας.
954 660 1226 736 Τέσσαρας
1289 658 1347 716 δὲ
1399 661 1634 738 τρόπους
1694 659 1808 718 οἵδε
1866 659 2024 734 δοξο-

383 746 596 825 λογίας,
634 746 729 805 ἕνα
760 752 854 822 μὲν
883 749 977 805 τὸν
1029 750 1232 827 νοερὸν,
1266 751 1380 814 οἶος
1412 753 1440 806 ὁ
1469 756 1575 807 τῶν
1636 749 1905 827 ἀγγέλων,
1936 752 2025 806 καὶ

383 836 507 893 ὅταν
567 840 731 912 ἡμεῖς
772 837 918 923 ,κατὰ
972 843 1096 894 νοῦν
1153 838 1512 913 θαυμάζωμεν
1561 842 1651 895 καὶ
1705 839 2025 915 μεγαλύνω-

2136 656 2245 799 8‘:-
2271 749 2356 802 Ἐν
2404 748 2672 821 τυμπάνῳ
2723 749 2815 804 καὶ
2863 746 3155 823 ψαλτηρίῳ
3185 746 3500 822 ψαλάτωσαν
3542 748 3693 820 αὐτῷ.
3725 773 3750 800 η

2136 842 2320 892 -Ἐν
2394 838 2581 915 πράξει
2644 837 2735 892 καὶ
2796 837 3014 914 θεωρίᾳ·
3084 837 3365 911 τύμπανον
3439 838 3530 910 μὲν
3594 839 3747 914 γὰρὴ

389 947 483 1000 μεν
539 928 631 982 τὸν
691 927 838 983 Θεόν·
896 925 1136 1004 δεύτιρον
1206 930 1298 984 τὸν
1358 926 1449 984 διὰ
1505 929 1786 1006 ῥημάτων·
1844 929 2025 1005 τρίτον
2136 925 2395 1002 νέκρωσις
2463 931 2570 981 τῶν
2650 932 2974 999 σωματικῶν
3045 924 3274 996 ἡδονῶν·
3343 924 3632 1002 ψαλτήριον
3703 924 3750 981 δὲ

381 1014 475 1069 τὸν
504 1010 593 1069 διὰ
619 1020 721 1084 τῆς
751 1010 928 1089 ὅψεως
976 1015 1068 1071 καὶ
1113 1019 1487 1087 κατανοήσεως
1540 1023 1649 1072 τῶν
1707 1016 1880 1094 ἔργων
1931 1019 2028 1073 τοῦ

384 1107 540 1159 Θεοῦ·
605 1102 730 1158 ὅταν
781 1104 885 1180 γὰρ
943 1104 1195 1160 αἰνοῦντα
1266 1108 1567 1182 παρεισάγῃ
1620 1109 1688 1162 τὰ
1741 1108 2029 1189 κτίσματα,

383 1190 506 1247 τότε
561 1188 823 1247 δείκνυσιν
884 1192 959 1255 ὡς
1017 1189 1233 1248 ἕκαστον
1277 1199 1383 1249 τῶν
1442 1191 1606 1250 ὅντων
1666 1196 1756 1251 καὶ
1812 1188 2033 1273 γινομέὲ

384 1300 488 1336 νων
522 1278 665 1353 ἄξιον
717 1287 817 1350 τῆς
860 1285 958 1335 τοῦ
1001 1287 1353 1358 Δημιουργοῦ
1405 1283 1592 1360 σοφίας
1651 1282 1781 1338 ἐστί·
1840 1285 2033 1361 τέταρ-

384 1388 478 1424 τον
531 1368 624 1424 τὸν
681 1366 770 1423 διὰ
829 1368 950 1445 βίου
1005 1368 1096 1424 καὶ
1153 1366 1325 1446 ἔργων
1375 1374 1494 1427 καθ’
1524 1372 1581 1427 ’ὸν
1632 1373 1683 1427 οἱ
1730 1375 1867 1428 κατά
1904 1375 2032 1429 Θεὸν

388 1461 583 1528 ζῶντες
615 1458 839 1532 ὑμνοῦσι
871 1458 959 1513 τὸν
1010 1457 1163 1528 Θεὸν,
1191 1460 1281 1514 καὶ
1329 1461 1435 1515 ἀπὸ
1488 1461 1655 1535 μόνης
1704 1465 1803 1531 τῆς
1858 1462 2032 1518 αὐτῶν
2106 1512 2109 1515 .

386 1549 689 1625 θεαρέστου
738 1544 1036 1623 διαγωγῆς.
1069 1549 1147 1605 Τὸ
1190 1548 1248 1604 δὲ
1294 1549 1355 1604 ἐκ
1401 1554 1509 1604 τῶν
1559 1550 1797 1627 οὐρανῶν
1828 1552 1918 1607 καὶ
1974 1550 2036 1608 τὸ

386 1636 440 1692 ἐν
466 1642 585 1699 τοῖς
621 1635 894 1711 ὑψίστοις,
929 1633 1104 1692 εἴτουν
1163 1637 1215 1692 ἐν
1272 1645 1387 1701 τοῖς
1445 1638 1811 1713 ὑψηλοτάτοις
1854 1641 2036 1719 μέρεσι

390 1723 609 1798 δηλαδὴ
621 1772 635 1798 ,
667 1725 862 1781 ταυτόν
894 1724 1056 1783 ἐστιν.

463 1840 492 1870 ι(
524 1815 738 1872 Αἰνεῖτε
778 1815 961 1890 αὐτὸν,
992 1814 1156 1886 ἥλιος
1201 1818 1292 1873 καὶ
1336 1818 1562 1891 σελήνη·
1607 1820 1804 1876 αἰνεῖτε
1859 1821 2037 1892 αὐτὸν,

389 1907 564 1961 πάντα
591 1906 689 2015 ἱτῗ
721 1907 908 1980 ’ἄστρα
944 1905 1125 2015 καὶτὸ
1154 1913 1291 1985 φῶς.
1320 1928 1349 1961 ι
1380 1942 1450 2015 '—-
1476 1908 1670 2015 ’Ἠλιον
1728 1911 1819 1966 καὶ
1875 1909 2039 1982 σελή-
2073 1949 2122 2015 Β

386 2016 486 2066 νην
518 1994 608 2050 καὶ
660 1996 827 2069 ἄστρα
882 1994 1175 2073 φωτοδόχα
1229 1997 1451 2069 νοητέον
1510 1998 1735 2076 οὐράνια
1787 2001 2016 2074 σώματα

392 2088 507 2162 φῶς
540 2081 598 2140 δὲ
624 2084 688 2140 τὸ
717 2086 941 2161 γεγονὸς
991 2084 1043 2140 ἐν
1085 2089 1155 2160 τῇ
1200 2088 1391 2163 πρώτῃ
1431 2090 1634 2164 ἡμέρᾳ,
1665 2091 1756 2145 καὶ
1801 2112 2036 2166 καταμε-

393 2173 567 2249 ρισθὶν
599 2172 679 2235 εἷς
708 2173 844 2228 αὐτὰ
872 2173 924 2227 ἐν
967 2177 1036 2247 τῇ
1083 2175 1311 2251 τετάρτῃ
1358 2175 1539 2253 ἡμέρᾳ
1591 2179 1709 2232 καθ’
1766 2180 1827 2248 ἣν
1875 2179 2036 2254 γεγό-

390 2283 564 2319 νασιν.

463 2376 494 2405 ‹‹
522 2350 741 2409 Αἰνεῖτε
782 2350 962 2424 αὐτὸν,
1014 2353 1067 2406 οἱ
1115 2351 1327 2428 οὐρανοὶ
1373 2358 1480 2409 τῶν
1530 2357 1790 2431 οὐρανῶν,
1837 2357 1927 2412 καὶ
1972 2358 2037 2413 τὸ

391 2437 539 2516 ὕδωρ
567 2440 630 2494 τὸ
671 2439 924 2516 ὑποράνω
959 2444 1068 2495 τῶν
1113 2440 1375 2517 οὐρανῶν.
1413 2466 1441 2494 ››
1471 2476 1540 2485 —
1586 2445 1685 2500 Καὶ
1726 2452 1843 2508 τοῖς
1888 2444 2034 2518 πλη-

390 2529 663 2590 θυντικοῖς
717 2527 971 2602 ὀνόμασιν
1025 2529 1140 2584 ἀντὶ
1188 2529 1371 2586 ἐνικῶν
1411 2534 1448 2602 ἡ
1482 2527 1698 2610 Ἐϐραῒς
1730 2533 1843 2590 οἶδε
1898 2543 2038 2612 χρῆ-

391 2619 511 2673 σθαι
564 2613 872 2681 διάλεκτος.
932 2619 1004 2673 Τὸ
1061 2618 1309 2693 ὑπεράνω
1372 2619 1431 2676 δὲ
1491 2628 1590 2678 τοῦ
1661 2626 2035 2699 στερεώματος

390 2705 609 2780 κτίσμα,
658 2705 748 2761 καὶ
805 2708 895 2762 τὸν
954 2711 1171 2782 πρῶτον
1230 2710 1474 2786 οὐρανὸν,
1528 2711 1624 2767 κᾶν
1681 2715 1757 2787 μὴ
1818 2712 2037 2788 βλέπω-

399 2816 516 2869 μεν,
550 2792 696 2849 ἀλλά
724 2795 870 2873 παρὰ
915 2803 1017 2866 τῆς
1060 2798 1415 2854 θεοπνεύστου
1445 2805 1662 2878 Γραφῆς
1711 2799 2037 2876 διδασκόμε-

393 2884 482 2954 θα,
510 2882 599 2939 καὶ
634 2882 782 2939 οὕτω
810 2886 901 2940 καὶ
928 2886 1055 2959 παρ’
1083 2885 1258 2942 αὐτῶν
1283 2888 1526 2960 ὑμνεῖται
1575 2892 1707 2953 Θεὸς
1753 2890 1823 2946 δι’
1852 2895 2035 2965 ἡμῶν.

468 2996 500 3024 ι(
531 2973 788 3044 Ἕστησεν
820 2972 953 3029 αὐτά
982 2974 1061 3038 εἰς
1084 2975 1176 3031 τὸν
1227 2976 1395 3032 αἰῶνα
1451 2978 1540 3034 καὶ
1597 2979 1673 3042 εἰς
1727 2981 1818 3035 τὸν
1870 2981 2040 3037 αἰῶνα

394 3064 491 3116 τοῦ
544 3061 762 3124 αἰῶνος.
814 3085 843 3115 ι)
903 3095 973 3106 —-
1022 3066 1443 3138 ’Δμετακίνητοθ
1503 3065 1593 3122 δια
1636 3069 1835 3132 παντὸς
1890 3066 2035 3146 ἔχειν

393 3150 496 3219 τὴν
521 3148 666 3223 τάξιν
694 3150 784 3205 καὶ
810 3152 910 3220 τὴν
944 3152 1212 3228 ἐνέργειαν
1244 3153 1380 3211 αὐτὰ
1414 3158 1821 3231 παρεσκεύασεν.

469 3260 499 3289 ι(
549 3236 878 3315 Πρόσταγμα
929 3236 1095 3313 ἔθετο,
1151 3241 1241 3295 καὶ
1302 3241 1364 3296 οὐ
1419 3242 1824 3318 παρελεύσεται.
1884 3269 1914 3299 ››
1971 3280 2041 3288 -

2138 1016 2173 1084 ἡ
2205 1016 2317 1069 ἄνω
2339 1014 2490 1078 τάσις
2516 1021 2613 1070 τοῦ
2642 1016 2791 1088 νοὸς,
2824 1016 3065 1071 κάκεῖθεν
3117 1014 3391 1089 ἔλλαμψις
3435 1015 3522 1070 καὶ
3566 1015 3749 1091 ἐνήχη-

2141 1124 2244 1165 σις·
2293 1104 2354 1157 τὸ
2402 1106 2504 1179 γὰρ
2561 1102 2863 1181 ψαλτήριον
2930 1100 3159 1180 ὄργανον
3233 1105 3432 1168 ἄνωθεν
3491 1099 3601 1179 ἔχει
3659 1110 3748 1159 τῶν

2142 1192 2385 1270 φθόγγων
2404 1193 2501 1255 τὰς
2529 1192 2800 1268 ἀφορμάς.

2215 1323 2244 1350 σι
2274 1302 2392 1354 Ὅτι
2431 1298 2643 1355 εὐδοκεῖ
2670 1299 2867 1377 Κύριος
2898 1299 2950 1354 ἐν
3001 1303 3081 1371 τῷ
3129 1298 3249 1372 λαῷ
3295 1298 3478 1356 αὐτοῦ.
3512 1323 3540 1351 ι)
3571 1333 3630 1342 -
3655 1301 3750 1356 Ῥέ-

2142 1409 2233 1443 πει
2260 1388 2349 1443 καὶ
2380 1388 2579 1464 ἀγαθὸν
2614 1387 2832 1461 θέλημα
2860 1385 2998 1465 ἔχει.

2216 1518 2247 1546 ‹‹
2278 1496 2377 1550 Καὶ
2436 1496 2637 1569 ὑψώσει
2702 1501 2891 1571 πραεῖς
2949 1495 3001 1551 ἐν
3055 1495 3316 1573 σωτηρίᾳ.
3369 1518 3398 1546 υ

2147 1582 2343 1646 αὐτοὺς
2378 1585 2511 1657 μετᾶ
2534 1585 2624 1639 καὶ
2652 1589 2750 1639 τοῦ
2780 1589 2970 1641 σῶσαι.

3448 1528 3514 1538 -
3568 1496 3755 1568 Δοξάσεῐ

2219 1715 2248 1743 ι(
2284 1693 2661 1766 Καυχήσονται
2725 1690 2864 1746 ὅσιοι
2919 1690 2970 1746 ἐν
3032 1687 3178 1765 δόξῃ.
3214 1690 3653 1767 Ἀγαλλιάσονται
3683 1690 3757 1745 ἐπὶ

2146 1783 2254 1834 τῶν
2312 1785 2507 1835 κοιτῶν
2563 1780 2757 1837 αὐτῶν.
2810 1806 2832 1836 ι
2896 1813 2965 1824 -
3022 1783 3425 1857 Ἐκαυχήσαντο
3478 1782 3568 1852 μὲν
3623 1783 3670 1835 οἱ
3710 1780 3758 1835 ἐκ

2147 1876 2248 1939 τῆς
2278 1869 2662 1945 αἰχμαλωσίας
2694 1869 2747 1925 ἐν
2772 1874 2842 1944 τῇ
2875 1867 3001 1945 δόξῃ
3028 1872 3127 1939 τῆς
3169 1869 3275 1925 ἀπὸ
3319 1877 3423 1940 τῆς
3468 1870 3606 1932 θείας
3648 1891 3760 1943 συμ-

2154 1958 2359 2034 μαχίας
2469 1959 2538 2013 τὰ
2576 1959 2728 2035 πέριξ
2777 1959 2951 2014 αὐτῶν
3001 1962 3340 2031 νενικήκασιν
3390 1957 3538 2032 ἔθνη,
3565 1959 3627 2014 τά
3665 1981 3757 2015 κω-

2147 2045 2349 2103 λύοντα
2373 2049 2472 2117 τὴν
2505 2045 2870 2121 ἀνοικοδομὴν
2919 2052 3017 2104 τοῦ
3061 2052 3193 2103 ναοῦ
3248 2048 3339 2103 καὶ
3394 2055 3495 2119 τῆς
3549 2047 3757 2110 πόλεως.

2147 2136 2246 2191 Καὶ
2274 2135 2680 2212 ἡγαλλιάσαντο
2709 2138 3066 2211 κοιμηθέντες
3108 2131 3330 2216 ἀφόϐως
3377 2157 3440 2192 τε
3479 2136 3566 2192 καὶ
3609 2134 3760 2206 ἡδέως

2142 2229 2212 2299 τῇ
2245 2229 2352 2281 τῶν
2380 2224 2664 2299 πολεμίων
2696 2225 3011 2303 ἀπαλλαγῇ.
3046 2229 3427 2303 Καυχήσονται
3472 2224 3531 2281 δὲ
3576 2224 3759 2299 μᾶλλον

2145 2315 2199 2370 οἱ
2245 2313 2541 2371 ἀπόστολοι
2593 2315 2644 2371 ἐν
2692 2319 2762 2390 τῇ
2835 2314 3117 2389 μελλούσῃ
3173 2312 3321 2390 δόξῃ,
3369 2315 3464 2370 καὶ
3526 2314 3762 2392 ἀγαλλιά-

2144 2424 2325 2459 σονται
2359 2404 2445 2459 ἐπὶ
2476 2409 2582 2459 τῶν
2628 2404 3072 2481 ηὐτρεπισμένων
3115 2403 3305 2466 αὐτοῖς
3334 2402 3565 2459 αῗωνίων
3610 2408 3762 2478 μονῶν

2143 2514 2202 2548 τε
2229 2494 2319 2548 καὶ
2349 2494 2720 2550 ἀναπαύσεων.

2216 2623 2246 2652 ‹‹
2276 2601 2348 2656 Αἱ
2377 2601 2611 2675 ὑψώσεις
2653 2606 2752 2656 τοῦ
2802 2605 2936 2657 Θεοῦ
2979 2599 3031 2655 ἐν
3089 2604 3170 2672 τῷ
3232 2598 3472 2677 λάρυγγι
3529 2600 3711 2656 αὐτῶν.
3744 2624 3762 2651 ι

2144 2722 2215 2733 -
2243 2690 2307 2743 Οἱ
2367 2691 2461 2763 μὶν
2525 2688 2775 2745 Ἰουδαῖοι
2836 2687 3172 2766 ὑμνολογίας
3226 2694 3323 2744 τοῦ
3380 2694 3521 2746 Θεοῦ
3574 2686 3766 2761 ᾅδοντες

2144 2778 2235 2833 καὶ
2288 2778 2489 2842 σπάθας
2544 2779 2859 2857 συνέχοντες
2915 2780 3246 2835 κατέκοπτον
3327 2777 3462 2841 τοῦς
3544 2777 3763 2855 ἐχθρούς·

2148 2868 2201 2922 οἱ
2230 2865 2289 2921 δὲ
2316 2866 2614 2924 ἀπόστολοι
2642 2874 2760 2931 ταῖς
2791 2865 2862 2923 δι’
2891 2868 3074 2942 ὕμνων
3103 2868 3196 2923 καὶ
3238 2865 3529 2943 θεολογίας
3571 2869 3765 2944 θεοπρε-

2145 2955 2267 3011 πέσι
2315 2962 2521 3034 φωναῖς
2568 2957 2657 3013 καὶ
2704 2963 2825 3019 ταῖς
2889 2961 3293 3034 πραγματικαῖς
3358 2956 3577 3033 ἀρεταῖς
3639 2955 3766 3032 ἐτρο-

2146 3049 2351 3100 ποῦντο
2377 3045 2508 3108 τοὺς
2539 3042 2625 3100 δαί
2632 3066 2821 3120 μονας.

2219 3175 2249 3204 ‹‹
2277 3155 2383 3206 Τοῦ
2411 3158 2636 3221 ποιῆσαι
2680 3149 2955 3223 ἐκδίκησιν
2999 3151 3050 3208 ἐν
3101 3156 3217 3215 τοῖς
3264 3146 3494 3225 ἔθνεσιν,
3525 3148 3762 3226 ἐλεγμοὺς

2150 3238 2202 3294 ἐν
2224 3247 2341 3303 τοῖς
2371 3240 2548 3303 λαοῖς.
2582 3265 2603 3292 ι
2636 3273 2707 3284 -—
2732 3242 2891 3315 Ὑπὲρ
2945 3245 3043 3296 τοῦ
3099 3248 3324 3310 ποιῆσαι
3380 3241 3477 3296 τὸν
3533 3241 3651 3296 Θεὸν
3701 3238 3772 3295 ἐκ·

395 3327 585 3391 Ἔθετο
625 3326 808 3388 αὐτοῖς
853 3327 1180 3405 πρόσταγμα
1222 3335 1330 3385 τῶν
1382 3331 1548 3407 ὅρων,
1577 3335 1666 3388 καὶ
1714 3332 1775 3388 οὐ
1820 3335 2037 3409 τολμή-
2070 3318 2114 3387 C
2153 3327 2363 3400 δίκησιν
2410 3330 2486 3392 εἰς
2523 3330 2592 3385 τὰ
2633 3327 2781 3401 ἔθνη,
2812 3330 2927 3395 ἀνθ’
2954 3331 3029 3385 ὧν
3067 3327 3289 3400 ἠδίκουν
3328 3328 3465 3392 τοὺς
3490 3327 3773 3389 Ἰουδαίους.

399 3436 550 3471 σουσι
582 3419 742 3472 τοῦτο
772 3416 1138 3490 παρεξελθεῖν.

470 3528 499 3557 ‹‹
534 3504 741 3561 Αἰνεῖτε
786 3504 878 3561 τὸν
925 3505 1120 3583 Κύριον
1173 3506 1233 3562 ἐκ
1286 3516 1385 3578 τῆς
1440 3516 1542 3586 γῆς
1601 3508 1880 3587 δράκοντες
1952 3514 2043 3569 καὶ

398 3598 563 3648 πᾶσαι
613 3588 855 3649 ἄϐυσσοι.
894 3619 916 3646 ι
950 3628 1019 3637 -
1069 3596 1368 3673 Δράκοντας
1416 3597 1671 3672 ὀνομάζει
1718 3601 1788 3655 τὰ
1831 3599 2045 3677 μεγάλα

398 3684 564 3753 κήτη·
594 3677 858 3745 ἀϐύσσους
888 3681 946 3739 δὲ
972 3684 1040 3739 τὰ
1060 3680 1371 3756 πολυϐενθῆ
1402 3685 1640 3763 πελάγη.

500 3794 529 3822 ‹‹
562 3774 698 3847 Πῦρ,
731 3770 966 3847 χάλαζα,
1019 3775 1184 3851 χιὼν,
1214 3773 1577 3850 κρύσταλλος,
1609 3782 1823 3851 πνεῦμα
1859 3800 2043 3836 καται-

400 3856 554 3936 γίδος
584 3860 651 3914 τὰ
687 3865 949 3916 ποιοῦντα
992 3862 1084 3918 τὸν
1131 3861 1297 3938 λόγον
1346 3864 1529 3919 αὐτοῦ.
1574 3889 1603 3917 ››
1634 3900 1703 3909 -
1730 3868 1805 3923 Τὰ
1862 3866 2044 3925 διακο-

399 3951 597 4003 νοῦντα
643 3947 694 4003 ἐν
750 3952 830 4021 τῷ
882 3950 1259 4026 προστάγματι
1318 3951 1481 4009 αὐτοῦ
1520 3955 1609 4010 καὶ
1645 3958 1720 4030 μὴ
1773 3958 1846 4018 ὡς
1885 3956 2048 4035 ἔτυχε

401 4035 684 4113 γινόμενα.
714 4041 827 4111 Πῦρ
860 4036 919 4094 δὲ
946 4042 1033 4094 νῦν
1063 4039 1212 4115 λέγει
1239 4042 1340 4111 τὴν
1368 4042 1664 4119 ἀστραπήν.

473 4148 503 4178 ‹‹
529 4126 649 4180 Ὅτι
698 4126 886 4199 ὑψώθη
943 4128 1007 4181 τὸ
1064 4123 1235 4202 ὄνομα
1285 4129 1449 4186 αὐτοῦ
1510 4132 1698 4206 μόνου.
1736 4158 1765 4186 ››
1812 4169 1881 4176 -
1927 4137 2045 4190 ’Ὀτι

407 4213 687 4291 ὑπερέχων
723 4213 834 4270 ἐστὶ
869 4214 1033 4289 μόνος
1066 4218 1157 4272 καὶ
1185 4217 1285 4273 οὐκ
1312 4217 1486 4283 ἄλλος
1516 4222 1663 4284 Θεός.

476 4327 505 4356 ‹‹
540 4301 975 4379 Ἐξομολόγησις
1028 4305 1191 4360 αὐτοῦ
1239 4306 1326 4362 ἐπὶ
1381 4310 1484 4384 γῆς
1552 4310 1639 4366 καὶ
1715 4311 1964 4388 οὐρανοῦ.
2020 4338 2048 4365 ››

404 4426 474 4434 -
511 4392 574 4446 Ἠ
607 4391 924 4469 εὐχαριστία
970 4393 1059 4448 καὶ
1090 4398 1125 4465 ἡ
1159 4392 1450 4472 δοξολογία
1495 4398 1659 4455 αὐτοῦ
1712 4400 1797 4455 ἐπὶ
1844 4409 1950 4476 γῆς
1995 4401 2048 4458 ἐν

406 4480 718 4557 ἀνθρώποις
749 4482 838 4536 καὶ
870 4481 950 4538 ἐπ’
979 4482 1206 4557 οὐρανοῦ
1236 4485 1289 4540 ἐν
1327 4485 1602 4563 ἀγγέλοις,

481 4590 509 4620 κ
541 4567 642 4627 Καὶ
693 4569 896 4643 ὑψώσει
939 4571 1098 4647 κέρας
1150 4572 1284 4628 λαοῦ
1328 4574 1512 4633 αὐτοῦ.
1545 4600 1574 4629 ››
1615 4610 1685 4621 -
1731 4577 1828 4632 Καὶ
1886 4600 2049 4654 μεγα-

406 4655 560 4713 λυνεῖ
583 4658 683 4727 τὴν
717 4655 870 4730 δόξαν
901 4664 996 4714 τοῦ
1027 4660 1226 4716 οἰκείου
1257 4660 1413 4719 λαοῦ.

480 4769 511 4798 ι(
539 4748 739 4820 Ὕμνος
769 4753 897 4802 πᾶσι
947 4754 1063 4812 τοῖς
1095 4749 1265 4813 ὁσίοις
1297 4751 1460 4807 αὐτοῦ
1490 4758 1607 4816 τοῖς
1636 4756 1775 4817 υἱοῖς
1807 4754 2047 4833 Ἰσραηλ,

403 4832 522 4907 λαῷ
571 4833 831 4912 ἐγγίζοντι
901 4837 1068 4911 αὐτῷ.
1123 4861 1150 4894 ι)
1202 4873 1272 4882 -
1318 4842 1388 4895 Τὸ
1432 4842 1616 4914 ὑμνεῖν
1666 4843 1812 4917 αὐτῷ
1856 4832 2048 4922 πρέπει

404 4929 520 4985 τοῖς
565 4922 976 5002 άφωσιωμένοις
1023 4927 1187 4983 αὐτοῦ
1235 4933 1352 4991 τοῖς
1410 4928 1630 5001 ἀληθῶς
1688 4933 2052 5009 Ἰσραηλίταις

402 5010 521 5084 λαῷ
569 5012 861 5090 ἐγγίζοντι,
917 5016 1187 5072 τουτέστιν
1243 5019 1575 5093 ᾠκειωμένῳ
1621 5020 1766 5094 αὐτῷ
1814 5019 1902 5078 διὰ
1948 5030 2050 5093 τῆς

404 5102 573 5179 ὀρθῆς
619 5102 850 5167 πίστεως
910 5105 1001 5161 καὶ
1042 5112 1144 5176 τῆς
1200 5104 1378 5179 ἄλλης
1418 5108 1701 5184 θεαρέστου
1749 5108 2047 5189 διαγωγῆς.

975 5232 1269 5287 ΨΑΛΜΟΣ
1311 5233 1482 5289 ΡΜΘ’.

479 5337 509 5368 ιι
536 5315 736 5372 ³Ἀσατε
782 5318 963 5392 Κυρίῳ
1011 5319 1158 5393 ᾆσμα
1204 5321 1403 5376 καινόν·
1455 5325 1489 5392 ἡ
1541 5320 1740 5387 αἷίθεσις
1788 5324 1950 5380 αὐτοῦ
2000 5327 2051 5382 ἐν

403 5402 670 5477 ἐκκλησίᾳ
726 5404 907 5464 ὁσίων.
970 5431 998 5459 ››
1049 5441 1117 5452 ——
1174 5411 1238 5465 Οἱ
1294 5411 1496 5487 κυρίως
1547 5411 1876 5489 Ἰσραηλῖται
1950 5424 2048 5486 τῆς

404 5495 514 5550 ἅνω
545 5494 690 5549 Σιὼν
738 5494 807 5549 τὰ
853 5496 1008 5551 τέκνα
1052 5499 1401 5575 χαρήτωσαν,
1433 5500 1514 5555 ὅτι
1564 5506 1809 5558 τοιοῦτον
1861 5502 2049 5580 ἔχουσι

400 5585 638 5654 ποιητὴν
701 5582 791 5638 καὶ
854 5583 1098 5659 βασιλέα;
1152 5587 1284 5664 ὑπὲρ
1336 5587 1508 5644 αὐτῶν
1551 5590 1704 5655 θέντα
1744 5592 1833 5647 καὶ
1881 5592 2047 5663 αὐτὴν

400 5675 499 5745 τὴν
533 5674 740 5750 ψυχήν·

480 5763 901 5821 «Αἰνεσάτωσαν
967 5765 1030 5821 τὸ
1084 5760 1259 5840 ὄνομα
1333 5765 1497 5821 αὐτοῦ
1556 5768 1608 5822 ἐν
1668 5775 1843 5847 χορῷ.
1901 5795 1931 5823 ››
1981 5804 2049 5815 -

2156 3416 2454 3494 Ἐλεγμοὸς
2483 3416 2541 3474 δὲ
2570 3417 2735 3474 πάλιν
2782 3418 2857 3482 εἰς
2904 3417 3033 3481 τοὺς
3082 3416 3415 3481 Ἰουδαϊκοὺς
3462 3416 3626 3481 λαοὺς
3671 3415 3775 3486 ἤτοι

2149 3508 2245 3570 τὰς
2278 3509 2473 3586 φυλὰς,
2507 3506 2878 3584 ἐλεγχομένας
2909 3506 2991 3563 δτι
3042 3505 3132 3562 διὰ
3170 3509 3265 3569 τὰς
3316 3507 3585 3584 ἁμαρτίας
3630 3506 3775 3562 αὐτῶν

2152 3599 2283 3673 ἄχρι
2331 3596 2457 3652 τότε
2504 3601 2924 3654 κατεπονοῦντο.
2965 3596 3102 3659 Τοὺς
3152 3595 3497 3659 ἀποστόλους
3545 3593 3601 3650 δὲ
3644 3596 3779 3662 ποιῆ-

2152 3707 2240 3742 σαι
2297 3683 2569 3755 ἐκδίκησιν
2620 3685 2672 3740 ἐν
2719 3691 2837 3748 τοῖς
2882 3686 2934 3756 ἐξ
2980 3686 3146 3741 ἐθνῶν
3192 3685 3245 3740 ἐν
3294 3690 3374 3757 τῷ
3412 3684 3659 3761 ῥύσασθαι
3705 3683 3780 3737 αὐ-

2150 3774 2279 3838 τοὺς
2309 3781 2410 3844 τῆς
2451 3771 2767 3851 τυραννίδος
2814 3778 2909 3830 τοῦ
2958 3769 3243 3830 διαϐόλου.
3277 3773 3586 3849 Ἐλεγμοὺς
3633 3770 3686 3827 δὲ
3736 3770 3777 3825 ἐν

2152 3869 2270 3926 τοῖς
2303 3862 2459 3926 λαοῖς
2485 3867 2593 3919 τῶν
2628 3861 2903 3919 Ἰουδαίων
2933 3862 2985 3919 ἐν
3032 3868 3113 3937 τῷ
3164 3862 3419 3940 ἐλέγχειν
3470 3862 3657 3925 αὐτοὺς
3697 3882 3779 3916 πι-

2157 3951 2426 4030 ρανόμους
2453 3952 2543 4007 καὶ
2574 3952 2885 4029 θεομάχους
2916 3951 3006 4008 καὶ
3055 3952 3191 4029 πρὸς
3233 3952 3297 4007 τὸ
3348 3956 3469 4029 φῶς
3520 3958 3615 4020 τῆς
3666 3947 3777 4017 ἀλη-

2157 4041 2302 4107 θείας
2331 4041 2765 4120 τυφλώττοντας.

2227 4172 2257 4200 ‹‹
2289 4152 2395 4204 Τοῦ
2450 4144 2609 4218 δῆσαι
2672 4145 2914 4224 βασιλεῖς
2972 4146 3146 4201 αὐτῶν
3210 4145 3261 4201 ἐν
3322 4144 3513 4210 πέδαις
3548 4143 3775 4203 καὶτοὺς

2157 4233 2403 4307 ἐνδόξους
2454 4236 2627 4291 αὐτῶν
2661 4234 2713 4291 ἐν
2755 4232 3101 4312 χειροπέδαις
3151 4232 3427 4311 σιδηραῖς.
3464 4258 3495 4288 ››
3540 4268 3606 4277 -
3646 4232 3775 4306 Ὑπὲρ

2157 4330 2253 4380 τοῦ
2280 4326 2372 4381 τὸν
2406 4327 2534 4381 Θεὸν
2581 4327 2658 4399 μὴ
2709 4325 2868 4399 μόνον
2927 4324 3247 4379 ἀπώσασθαι
3300 4323 3433 4386 τοὺς
3487 4321 3776 4395 πολεμίους,

2157 4413 2303 4470 ἀλλά
2330 4415 2420 4488 καὶ
2466 4414 2594 4477 τοὺς
2637 4412 2879 4490 βασιλεῖς
2915 4413 3005 4468 καὶ
3055 4413 3326 4490 ἄρχοντας
3370 4413 3547 4469 αὐτῶν
3595 4410 3776 4484 δεσμώ-

2155 4524 2252 4566 τας
2284 4501 2467 4559 δοῦναι
2511 4509 2630 4566 τοῖς
2676 4500 2988 4565 Ἰουδαίοις·
3034 4501 3160 4565 τοὺς
3215 4502 3557 4564 ἀποστόλους
3585 4499 3778 4572 δὶ,τοῖς

2157 4591 2411 4668 ἰσχυροῖς
2478 4589 2700 4665 δεσμοῖς
2759 4594 2857 4661 τῆς
2936 4590 3171 4653 πίστεως
3243 4589 3403 4660 δῆσαι
3472 4591 3560 4647 καὶ
3614 4585 3780 4647 αὐτοὺς

2083 4688 2131 4753 D
2160 4679 2287 4743 τοὺς
2325 4680 2567 4757 βασιλεῖς
2606 4680 2694 4735 καὶ
2727 4681 2999 4755 ἄρχοντας
3044 4682 3150 4734 τῶν
3201 4678 3388 4753 ἐθνῶν,
3417 4681 3457 4750 ἢ
3502 4679 3625 4742 τοὺς
3666 4677 3777 4753 πρό-

2159 4788 2311 4844 τερον
2361 4769 2766 4840 ἐξουσιάζοντας
2820 4773 2928 4823 τῶν
2989 4768 3153 4832 ἐθνῶν
3213 4765 3477 4842 δαίμονας
3533 4769 3619 4824 καὶ
3668 4763 3780 4821 ἐντί-

2162 4879 2297 4930 μους
2330 4853 2487 4920 ὄντας
2535 4858 2719 4919 αὐτοῖς
2779 4857 3166 4934 ἀνενεργήτους
3222 4861 3452 4930 ποιήσαι
3505 4860 3566 4913 τὸ
3613 4856 3775 4912 λοιπὸν

2159 4945 2212 5001 ἐν
2243 4953 2358 5009 τοῖς
2389 4942 2575 5004 ἔθνεσι.

2232 5078 2261 5105 ί(
2290 5058 2395 5109 Τοῦ
2442 5060 2670 5124 ποιῆσαι
2716 5053 2767 5109 ἐν
2815 5051 2999 5114 αὐτοῖς
3065 5058 3237 5129 κρῖμα
3290 5050 3608 5131 ἕγγραπτον.
3656 5076 3678 5103 ι
3721 5082 3775 5093 -

2158 5142 2316 5219 Ὑπὲρ
2371 5147 2468 5198 τοῦ
2526 5150 2751 5214 ποιῆσαι
2803 5144 2893 5197 τὸν
2954 5142 3081 5198 Θεὸν
3127 5140 3178 5197 ἐν
3221 5148 3339 5205 τοῖς
3380 5139 3550 5198 ἔθνεσι
3602 5140 3683 5197 καὶ
3733 5136 3774 5194 ἓν

2156 5237 2236 5305 τῷ
2286 5231 2404 5305 λαῷ
2452 5232 2625 5309 κρίσιν
2678 5232 3017 5309 ἀνάγραπτον
3061 5228 3324 5308 βιϐλίοις.
3359 5231 3509 5301 Αὕτη
3560 5228 3615 5285 δέ
3659 5228 3774 5283 ἐστιν

2157 5324 2193 5391 ἡ
2236 5319 2440 5385 ἔνδικος
2495 5320 2743 5377 ἀπώλεια
2786 5326 2893 5377 τῶν
2944 5321 3137 5378 ἐθνῶν,’
3171 5319 3312 5382 Τοὺς
3367 5318 3691 5381 ἀποστόλους
3731 5313 3774 5370 δὲ

2155 5418 2384 5481 ποιῆσαι
2426 5410 2478 5465 ἐν
2524 5416 2642 5473 τοῖς
2704 5410 2755 5482 ἐξ
2803 5409 2965 5466 ἐθνῶν
3016 5409 3221 5483 νόμους
3286 5408 3584 5488 ἐγγράφους
3639 5403 3772 5461 πολι-

2155 5499 2298 5563 τείας
2332 5499 2644 5578 θεοφιλοῦς.

2230 5588 2427 5660 «Δόξα
2486 5588 2618 5659 αὕτη
2678 5589 2790 5645 ἐστὶ
2843 5595 2973 5645 πᾶσι
3026 5593 3143 5651 τοῖς
3206 5587 3380 5651 ὁσίοις
3435 5585 3612 5643 αὐτοῦ.
3657 5606 3762 5637 ν·-

2159 5675 2443 5741 Ἰουδαίοις
2502 5679 2595 5751 μὶν
2651 5675 2777 5749 δόξα
2830 5680 2892 5734 τὸ
2948 5677 3120 5741 οὕτως
3202 5685 3417 5748 νικῆσαι
3476 5670 3757 5753 παραδόξως

2158 5765 2248 5822 διὰ
2289 5774 2389 5838 τῆς
2437 5768 2755 5844 συμμαχίας
2826 5772 2924 5824 τοῦ
2983 5771 3136 5841 Θεοῦ,
3184 5773 3301 5830 τοῖς
3358 5764 3673 5824 ἀποστόλοις
3712 5756 3757 5812 δὲ
