3998 6446
349 413 504 475 1627

412 550 542 622 Iota
572 550 859 622 (in)__quid,
881 554 1139 622 317._Non
1170 556 1224 605 in
1255 560 1365 607 toto
1395 561 1542 622 quid,
1573 565 1683 612 318.

409 613 1064 687 "l‘ra‘nspositaafiirmatio
1084 622 1141 687 et
1159 621 1389 687 negatio
1411 613 1486 671 de
1531 613 1732 687 quibus
1761 626 1985 684 dicatur,

346 677 456 724 391.
487 676 588 725 Cur
615 677 690 725 ita
723 677 948 739 dicatur,
980 683 1087 740 302,
1120 685 1227 731 391.

1145 811 1197 875 U

412 928 508 978 Ubi
538 927 666 991 quid
697 932 750 977 et
778 930 1083 992 quotuplex,
1121 935 1223 981 126.

410 993 582 1055 Unum
616 991 706 1055 uni
738 996 818 1040 est
845 991 1190 1055 contrarium,
1220 997 1330 1044 212.

410 1053 738 1103 Universalia
767 1054 953 1103 eodem
986 1053 1193 1119 semper
1220 1072 1276 1106 se
1305 1059 1464 1108 modo
1494 1060 1713 1120 habent,
1747 1065 1853 1112 121.

1153 1187 1212 1248 V

349 1360 360 1371 .
409 1299 638 1371 Verbum
671 1303 816 1365 quid,
839 1306 945 1354 255.
966 1307 1139 1371 Verba
1159 1311 1284 1356 sunt
1303 1311 1429 1356 κατὰ
1458 1309 1722 1368 συνθήκην,
1755 1311 1804 1360 id
1829 1317 1907 1360 est
1927 1327 1991 1360 ex

347 1366 593 1435 instituto
616 1371 697 1435 'et
729 1369 1141 1435 compositione,
1179 1373 1287 1425 255,
1309 1373 1425 1435 256.
1457 1372 1572 1420 Non
1601 1366 1745 1422 sunt
1783 1381 1989 1434 natura,

503 1425 664 1495 _Qu_id
699 1422 1013 1490 significent.
1045 1422 1154 1480 258'.
1205 1422 1373 1482 Verba
1401 1435 1527 1495 quid
1586 1441 1776 1484 vocent
1818 1422 1991 1495 logici,

503 1489 674 1537 Verba
695 1485 790 1556 per
810 1506 865 1540 se
889 1506 986 1540 nec
1007 1507 1191 1542 verum
1215 1509 1312 1544 nec
1333 1485 1520 1545 falsum
1543 1499 1856 1556 signiﬁcant,
1873 1485 1988 1548 .259:

352 1548 642 1600 Verborum
665 1548 848 1615 prima:
867 1557 1178 1606 etsecundaa
1199 1563 1250 1607 et
1271 1561 1516 1621 quasdam
1538 1548 1709 1610 tertiae
1731 1548 1988 1623 personat.

1395 427 1635 490 INDEX
1678 429 1755 491 IN
1803 431 2200 496 PHYSICAM
2244 429 2705 495 BLEMMlD/E.

3570 437 3593 494 1
3604 433 3709 494 628

2100 578 2194 613 cur
2222 578 2404 613 verum
2437 565 2519 614 vel
2548 565 2741 614 falsum
2787 565 3103 629 signiﬁcent,
3137 567 3241 625 128,
3277 567 3380 617 129.
3427 565 3592 616 Verba
3625 567 3711 616 du-

2100 629 2292 692 plicem
2325 629 2765 692 signiﬁcationem
2798 630 3104 692 important,
3135 630 3245 678 301.

2164 691 2354 738 \‘erum
2387 691 2533 752 quid,
2565 694 2674 740 261.

2164 753 2304 800 Visio
2335 753 2463 800 citra
2492 753 2829 802 intervallum
2861 757 2911 801 et
2940 753 3246 802 distantiam
3278 757 3538 809 operatur,
3567 755 3667 802 375.

2097 865 2104 870 ,
2161 815 2280 863 Vita
2309 815 2521 877 duplex,
2554 815 2658 864 alia
2705 817 2920 878 quidem
2951 817 3227 875 naturalis,
3277 815 3379 864 alia
3406 830 3528 865 vero
3559 817 3718 866 electi-

2099 879 2192 926 tia.
2226 881 2305 926 11.

2163 915 2430 1012 Voluntas.
2442 939 2656 1012 quidet
2676 940 3075 1012 ‘qualisnanimaa
3107 940 3360 1003 potentia,
3391 942 3466 989 31.

2165 1002 2454 1062 Voluptarii
2489 1002 2628 1051 unde
2659 1002 2803 1058 dicti,
2833 1005 2908 1051 53.

2162 1065 2273 1112 Vox
2316 1065 2595 1112 articulate
2640 1070 2694 1112 et
2741 1065 3094 1120 inarticulata,
3141 1067 3222 1112 77.
3276 1064 3558 1113 Articulata
3601 1079 3722 1125 quae,

2100 1129 2204 1175 255.
2232 1127 2571 1175 lnarticulata
2592 1141 2726 1188 quae,
2751 1127 2876 1174 ibid.
2897 1128 3006 1174 Vox
3021 1126 3634 1189 signiﬁcationiseXpers,
3655 1133 3722 1177 77.

2099 1190 2213 1237 Vox
2245 1190 2588 1248 signiticativa
2619 1195 2668 1236 et
2701 1191 3037 1248 prmdicativa
3058 1190 3205 1251 quid,
3229 1189 3352 1237 ibid.
3384 1190 3533 1238 Vocis
3557 1191 3725 1249 praedi-

2102 1253 2284 1299 cativaa
2316 1252 2623 1301 subdivisio.
2655 1251 2780 1298 ibid.
2825 1252 3068 1312 Quinque
3116 1265 3308 1300 vocum
3355 1253 3504 1308 ordo,
3553 1257 3625 1309 78,
3657 1256 3723 1300 79.

2099 1314 2342 1374 Quinque
2365 1328 2521 1361 voces
2537 1315 2705 1373 magis
2726 1318 2849 1360 sunt
2866 1314 3165 1365 rationales.
3188 1329 3346 1376 quam
3369 1315 3718 1375 prmdicativze,

2103 1380 2210 1424 135.
2242 1377 2405 1424 Voces
2435 1377 2697 1431 simplices
2732 1390 2903 1438 neque
2936 1390 3116 1424 verum
3147 1377 3344 1430 dicunt,
3397 1391 3568 1436 neque
3597 1391 3723 1425 men-

2101 1439 2324 1494 tiuntur,
2360 1442 2464 1492 127,
2515 1442 2623 1493 259,
2675 1441 2780 1486 260.
2839 1439 3002 1486 Voces
3053 1444 3241 1487 natura
3297 1444 3438 1494 sunt,
3471 1443 3577 1488 236.
3630 1441 3728 1488 Vox

2102 1501 2343 1562 simplex,
2375 1501 2553 1556 dictio,
2588 1502 2868 1563 terminus.
2894 1515 3092 1549 nomen
3141 1505 3193 1549 et
3234 1502 3460 1550 verbum
3509 1501 3726 1563 subjecto

2103 1563 2242 1611 idem
2275 1567 2417 1620 sunt,
2451 1563 2541 1611 sed
2573 1563 2746 1612 scbesi
2777 1562 3045 1624 differunt,
3079 1566 3187 1612 261.

1419 1883 1814 1978 INDEX
1890 1885 2676 1980 ANALYTICUS

482 2215 1200 2345 NICEPHORI
1292 2222 2054 2347 BLEMMIDfE
2152 2223 2845 2349 EPITOMEN
2937 2224 3623 2349 PHYSICAM

1558 2447 1755 2510 (Hujus
1784 2447 2074 2498 voluminis
2102 2448 2202 2497 col.
2233 2449 2546 2510 1005-1319.)

989 2587 1327 2650 Revocatur
1354 2590 1568 2651 Lector
1593 2589 1675 2652 ad
1696 2609 1965 2651 numeros
1993 2589 2344 2671 grandiores
2372 2592 2566 2651 textui
2598 2590 2816 2652 Latino
2848 2591 3111 2652 insertos.

1149 2879 1209 2944 A

764 2997 876 3052 uid,
905 3000 982 3057 39,
1016 3002 1094 3057 10,
1124 3003 1201 3050 45.

557 3060 941 3130 .esse.d_uplex,
967 3065 1040 3130 17.
1065 3063 1197 3130 Actu
1222 3076 1337 3130 esse
1358 3068 1410 3113 et
1439 3067 1584 3130 actus
1614 3064 1887 3130 differunt,
1915 3068 1995 3130 15.

419 3120 818 3188 quuinoctialis
846 3124 1072 3173 circulus
1101 3126 1239 3188 quis,
1268 3129 1377 3176 287.
1417 3128 1785 3186 Equinoctiali
1817 3120 1997 3177 circuli

359 3182 616 3252 medietas
633 3197 854 3252 semper
883 3200 1044 3252 supra
1071 3182 1286 3252 terram,
1316 3191 1424 3238 331.
1471 3182 1870 3252 Equinoctialis
1899 3191 1996 3240 sub

361 3244 480 3309 polo
511 3245 567 3293 fit
596 3247 650 3294 et
670 3244 896 3296 arcticus
925 3244 977 3298 et
1005 3250 1242 3309 horizon,
1280 3253 1388 3301 366.

418 3307 807 3376 @quiuoctium
841 3325 1062 3376 vernum
1087 3307 1304 3376 quando
1351 3314 1458 3372 ﬂat,
1490 3317 1596 3372 350,
1629 3317 1738 3364 352.
1775 3315 1996 3364 Autum-

357 3371 478 3419 nale
509 3371 746 3433 quando,
768 3375 876 3432 351,
909 3375 1019 3423 352.

424 3434 529 3502 Aer
556 3434 674 3495 quis
696 3439 756 3502 et
773 3438 1040 3502 quomodo
1057 3441 1350 3502 moveatur.
1375 3441 1482 3488 256.
1507 3438 1654 3488 Aeris
1671 3443 1864 3502 partes,
1890 3442 1993 3489 115.

359 3495 512 3564 Aeris
541 3510 661 3564 pars
689 3495 851 3564 terrea
865 3499 1058 3564 vicina,
1089 3500 1279 3564 qualis,
1308 3503 1410 3549 111.

417 3557 698 3608 Eternitas
726 3560 873 3620 quid,
905 3563 1011 3618 270,

418 3621 598 3686 Ether
627 3621 754 3686 quid
789 3627 840 3670 et
868 3627 1008 3673 unde
1039 3624 1226 3683 dictus,
1250 3627 1359 3674 281.
1381 3625 1604 3674 ,λΕιὴει-ἱε
1625 3638 1748 3686 pars
1769 3625 1868 3674 alia
1890 3626 1997 3674 sin-

361 3696 516 3747 cera._
533 3683 635 3747 alia
663 3684 840 3733 minus
872 3687 1092 3747 sincera,
1129 3690 1231 3736 145.

421 3745 639 3794 Etherii
670 3745 1106 3812 corporislocus,
1140 3752 1247 3800 111.
1279 3751 1406 3808 Quae
1438 3764 1545 3798 non
1576 3754 1758 3812 agunt,
1808 3754 1862 3798 et
1891 3762 2002 3798 non

362 3812 612 3871 aguntur,
642 3810 986 3870 quotuplicia,
1019 3814 1096 3860 27.

429 3870 618 3918 Anima
643 3871 790 3932 quid,
823 3875 900 3921 38.

431 3932 694 3997 Animalia
717 3935 991 3997 quomodo
1020 3941 1358 3996 moveantur,
1381 3940 1458 3995 64,
1492 3940 1567 3994 54,
1599 3941 1678 3997 55,
1709 3940 1788 3987 64.

423 3995 562 4062 Anni
585 3994 1089 4062 pluvios‘itventosi,
1123 4003 1176 4048 et
1205 3994 1450 4062 squalidi.
1487 4003 1592 4049 191.

367 4058 631 4169 36ῗοιεεοὶ
652 4058 759 4120 qui,
781 4060 890 4119 337,
914 4061 1022 4109 338.
1044 4058 1381 4112 Antmcorum
1404 4063 1705 4112 communia
1725 4065 1777 4110 et
1799 4061 2011 4109 diversa

425 4182 822 4246 Antiperjstasis
850 4184 995 4246 quid,
1025 4187 1131 4235 170.

427 4244 721 4307 Autipodes
741 4244 983 4358 %ui,_337,
1003 4249 1110 4298 338.
1145 4247 1222 4297 Ad
1243 4249 1520 4312 antipodes
1549 4248 1704 4298 nobis
1733 4248 1915 4298 omnia
1934 4247 2010 4295 in-

427 4321 522 4356 :rsa
551 4312 694 4358 sunt.
725 4312 751 4357 3
788 4311 833 4358 2.
866 4323 898 4357 ι.

367 4321 522 4357 versa
551 4312 694 4366 sunt,
725 4311 833 4366 362,
866 4323 898 4357 ι.

427 4371 576 4432 Aqua
606 4369 791 4431 ﬁgura
811 4372 1124 4421 orbicularis
1153 4375 1248 4430 est,
1279 4373 1390 4422 334.

432 4434 702 4499 Aquarum
729 4448 903 4483 causa:
932 4448 1051 4499 qua:
1082 4436 1137 4484 in
1165 4439 1361 4484 terram
1392 4435 1667 4494 decidunt,
1690 4439 1742 4483 et
1771 4449 1832 4483 ex
1863 4438 2012 4483 terra

367 4495 685 4554 redduntur,
721 4499 824 4544 175.

431 4559 702 4621 Aquarum
734 4558 1066 4619 differentias,
1099 4562 1206 4609 179.

369 4621 586 4732 275Aqua
615 4635 779 4684 supra
802 4622 1190 4672 ﬁrmamentum
1230 4623 1452 4670 inﬁnitas
1497 4621 1872 4682 multitudinis,
1908 4627 2012 4682 187,

419 2994 550 3044 Actu
581 3007 698 3044 esse

417 3059 547 3106 Actu
581 3072 696 3107 esse

432 4745 626 4811 Arctici
645 4749 703 4811 et
721 4745 1004 4795 Antarctici
1015 4746 1206 4811 circuli
1227 4747 1335 4810 qui,
1351 4749 1458 4797 347.
1474 4748 1746 4796 Mutantur
1761 4761 1856 4811 pro
1877 4749 2018 4798 loco-

368 4822 488 4857 rum
519 4808 830 4866 variatione,
867 4813 974 4866 287,
1007 4810 1116 4857 348.

433 4871 678 4982 ἱὶτεεῗέεἱε
708 4871 881 4934 qualis
909 4876 1119 4930 ventus,
1143 4875 1194 4920 et
1222 4871 1414 4934 quibus
1443 4871 1558 4920 aliis
1589 4872 1896 4921 nominibus
1925 4886 2016 4921 vo-

463 4947 541 4982 ur.
665 4969 677 4981 .

371 4947 541 4989 CCLUI‘.
571 4947 677 4982 ‘19}.

436 4996 799 5058 Aspirationes
829 5009 890 5043 ex
920 5000 1063 5044 terra
1091 4996 1237 5058 quid,
1273 4999 1379 5054 190,
1413 4996 1524 5044 200.

432 5057 808 5118 Augmentatio
839 5057 1094 5107 naturalis
1109 5057 1384 5121 quomodo
1402 5059 1506 5112 ﬁat.
1531 5060 1608 5118 56,
1632 5065 1708 5107 88.
1741 5059 2018 5116 Quomodo

373 5121 763 5178 mathematica,
796 5123 875 5172 56.

433 5185 806 5246 Augmentatio
837 5187 890 5232 et
919 5183 1156 5232 alteratio
1186 5182 1458 5242 differunt,
1489 5184 1566 5232 89.

433 5247 562 5296 Auri
591 5247 883 5310 generatio,
917 5248 1025 5295 251.

437 5436 629 5484 Boreas
657 5433 776 5497 quis
805 5437 1017 5490 ventus,
1049 5437 1102 5482 et
1130 5433 1398 5497 quomodo
1428 5436 1667 5489 vocetur,
1699 5437 1804 5497 195.

440 5495 812 5546 Britannorum
837 5509 937 5544 nox
959 5495 1160 5559 quanta
1179 5501 1233 5546 et
1252 5496 1424 5559 qualis
1444 5499 1682 5558 tempore
1703 5495 1906 5545 solstitii
1928 5509 2024 5544 aes-

372 5562 482 5621 tivi,
517 5563 625 5610 364.

433 5751 628 5800 Οωοὶαε
657 5751 867 5806 ventus,
901 5749 1008 5796 195.

369 5881 392 5927 ι
432 5815 696 5927 (Σαιῧτὲοιθ
726 5813 875 5878 prius
906 5816 958 5860 et
987 5809 1214 5860 celerius
1239 5813 1290 5858 et
1309 5808 1684 5858 vehementius
1709 5807 2021 5871 refrigeran-

396 5892 479 5927 ur.
606 5913 619 5925 .

462 5913 479 5936 ’
515 5913 619 5927 ιιυο

2166 2877 2412 2939 Canopus
2443 2875 2609 2934 stella,
2645 2877 2752 2925 310.

2166 2940 2335 3000 Capra
2364 2939 2492 3001 quid
2521 2942 2757 2997 vocetur,
2791 2939 2898 2986 148.

2164 2999 2327 3050 Casus
2359 2999 2439 3048 est
2468 3001 2525 3049 in
2551 3001 2614 3048 iis
2644 3014 2764 3062 quae
2795 3000 2929 3048 ﬁunt
2955 2999 3178 3062 alicujus
3219 2999 3407 3062 gratia,
3443 3001 3521 3055 29,
3551 3001 3602 3046 et
3622 3011 3732 3062 quae

2105 3064 2396 3112 secundum
2431 3061 2674 3112 naturam
2707 3063 2858 3118 ﬁunt.
2881 3065 2957 3111 30.
2979 3063 3069 3110 Est
3089 3061 3213 3110 etin
3233 3061 3407 3110 brutis
3430 3061 3735 3125 operationi-

2106 3125 2221 3174 bus.
2255 3126 2386 3184 lbid,
2419 3129 2496 3181 15,
2527 3131 2607 3175 est
2635 3126 2984 3188 aequivocum.
3012 3129 3090 3183 31,
3124 3128 3196 3174 15.

2165 3190 2407 3249 Catmgis,
2446 3191 2551 3238 199.

2165 3248 2334 3298 Causa
2363 3256 2414 3298 et
2442 3251 2761 3312 principium
2793 3248 3064 3306 differunt,
3097 3251 3142 3307 3,
3177 3250 3250 3297 21.

2166 3314 2332 3361 Causa
2360 3314 2534 3361 multis
2567 3313 2736 3361 modis
2766 3312 2973 3369 dicitur,
3008 3316 3051 3360 3.

2167 3377 2347 3424 Causa:
2381 3377 2607 3438 proprie,
2639 3390 2774 3438 quae.
2809 3378 2851 3423 4.

2168 3440 2459 3487 Causarum
2486 3437 2781 3486 divisiOnes
2809 3437 2992 3495 variis,
3026 3438 3101 3483 21.

2169 3501 2334 3549 Causa
2364 3500 2622 3563 cujusque
2653 3502 2724 3548 rei
2761 3513 3020 3563 suprema,
3054 3497 3108 3546 id
3145 3502 3230 3563 est
3260 3499 3558 3560 praecipua,
3589 3497 3743 3563 inqui-

2106 3565 2292 3619 renda,
2311 3565 2387 3611 27.
2406 3560 2586 3611 Causae
2600 3565 2673 3611 ita
2686 3560 3020 3619 assignanda:
3035 3565 3090 3608 ut
3103 3560 3304 3609 effectis
3321 3563 3665 3617 conveniant,
3679 3561 3744 3613 29,

2107 3627 2352 3688 quaedam
2373 3627 2471 3674 sibi
2494 3626 2718 3674 invicem
2741 3629 3071 3680 suutcausas,
3096 3625 3173 3671 29.
3195 3623 3382 3671 Causas
3406 3638 3502 3686 per
3523 3623 3746 3671 accidens

2151 3703 2247 3743 uas,
2283 3691 2362 3736 29.

2223 3725 2229 3734 ,
2284 3703 2362 3734 ’9.

2111 3703 2361 3861 Ξυέέυξω
2391 3749 2582 3859 plzures,
2615 3749 2746 3812 quin
2779 3752 2831 3796 et
2861 3761 3048 3796 omnes
3071 3748 3127 3795 in
3158 3746 3347 3796 eodem
3370 3747 3563 3796 effecto
3593 3746 3748 3795 consi-

2155 3817 2394 3861 erantur.
2425 3821 2437 3835 ·
2457 3818 2503 3860 8.

2155 3817 2394 3865 erantur.
2425 3814 2503 3860 28.

2178 3877 2377 3924 Ceadas
2407 3873 2547 3936 apud
2580 3872 3005 3922 Lacedaemonios
3034 3871 3183 3934 quid,
3206 3874 3323 3936 A119.

2179 3934 2455 3995 Centrum,
2469 3937 2651 3984 circuli
2683 3943 2734 3984 et
2763 3936 3085 3997 principium
3115 3939 3166 3982 et
3195 3934 3315 3982 ﬁnis
3339 3937 3395 3982 et
3414 3935 3660 3984 medium.
3681 3935 3746 3980 66.

2179 4001 2418 4049 Circulus
2448 4001 2685 4047 omnium
2718 3998 2997 4058 planarum
3018 3997 3306 4058 ﬁgurarum
3341 3999 3538 4058 prima,
3567 3997 3668 4044 267.

2179 4062 2506 4111 Circulorum
2538 4062 2673 4109 ratio
2705 4060 2768 4107 ad
2820 4060 3089 4122 propriam
3133 4059 3480 4115 diametrum,
3521 4061 3627 4115 296,
3655 4059 3748 4105 341.

2179 4125 2371 4174 Circuli
2398 4125 2594 4186 tropici
2615 4137 2708 4170 cur
2737 4123 2812 4171 ita
2840 4122 2984 4179 dicti,
3015 4125 3123 4172 287.
3158 4122 3361 4184 Ubique
3388 4122 3529 4170 idem
3552 4123 3684 4177 sunt,
3706 4122 3750 4166 et

2120 4185 2524 4250 aequinoctialis,
2557 4185 2680 4232 ibid.
2715 4188 2790 4233 16.

2181 4249 2468 4312 Clepsydra
2496 4248 2585 4310 qui
2616 4247 3042 4312 veteribus,_369_.

2181 4307 2353 4360 Clima
2374 4311 2472 4360 sub
2502 4307 2778 4373 {aquatore
2801 4307 2978 4372 quale,
3010 4310 3122 4367 317,
3155 4309 3264 4357 362.

2183 4374 2458 4423 Climatum
2489 4372 2838 4431 euomeratio,
2869 4374 2979 4420 363.

2182 4437 2405 4484 Climata
2434 4437 2488 4483 in
2517 4436 2711 4499 quibus
2739 4430 2850 4482 dies
2878 4433 3161 4490 bimestris,
3193 4431 3504 4492 trimestris,
3536 4436 3585 4482 et
3604 4430 3756 4493 major

2125 4500 2369 4555 efﬁcitur,
2401 4501 2510 4547 365.

2187 4561 2387 4609 Caelum
2418 4559 2612 4608 Graecis
2632 4558 2851 4621 οὐρανὸς,
2879 4557 3032 4620 cujus
3061 4557 3251 4605 Graecae
3275 4557 3646 4620 appellationis
3661 4559 3755 4617 ety-

2124 4625 2359 4681 mologia
2388 4623 2725 4684 proponitur.
2753 4623 2864 4684 258.

2187 4679 2747 4744 leum'generatum,
2781 4683 2832 4730 id
2881 4685 2977 4739 est,
3009 4679 3284 4730 conditum
3317 4686 3414 4737 est,
3449 4683 3528 4731 63.
3578 4681 3757 4730 Caelum

2124 4749 2356 4812 primum
2389 4761 2574 4796 omnes
2602 4754 2873 4795 creaturas
2894 4744 3170 4793 sensibiles
3197 4747 3250 4792 et
3271 4743 3632 4806 intelligibiles
3651 4754 3757 4791 con-

2126 4813 2278 4866 tinet,
2310 4814 2418 4859 258.

2187 4873 2387 4922 Caelum
2419 4872 2646 4934 primum
2678 4883 2786 4918 non
2809 4873 2889 4934 est
2908 4869 3322 4934 ﬁrmamentum,
3483 4868 3678 4917 Ccelum
3699 4877 3758 4934 an

2127 4937 2195 4984 sit
2225 4928 2700 4996 corpus-quintum,
2733 4935 2841 4986 260.
2875 4933 2981 4980 361.
3030 4930 3230 4996 leum
3263 4931 3580 4980 stelliferum
3624 4928 3757 4978 multi

2126 5013 2222 5061 pro
2253 4995 2465 5060 sphaera
2494 4998 2761 5044 inerraute
2794 4995 3114 5050 habuerunt,
3146 4995 3256 5042 261.

2189 5060 2386 5127 Caelum
2419 5061 2650 5127 primum
2683 5058 2846 5127 stellis
2876 5069 3062 5104 carens
3093 5069 3201 5126 non
3233 5058 3315 5103 est
3342 5055 3592 5127 simplex,

2192 5123 2395 5171 Caelum
2417 5117 2496 5170 est
2517 5121 2886 5182 compositum,
2913 5118 3300 5180 compositione
3322 5117 3523 5182 scilicet
3544 5117 3758 5182 meliorg.

2130 5187 2237 5234 268.
2272 5187 2330 5232 ln
2351 5183 2483 5232 cmlo
2507 5178 2653 5246 ignis
2674 5178 3116 5246 prtedomiuatur,
3142 5183 3250 5237 260,
3282 5181 3392 5238 263,
3428 5182 3539 5230 277.
3571 5179 3688 5229 Coeli
3713 5178 3760 5226 ﬁ-

2131 5261 2264 5310 gura
2287 5245 2738 5310 rotunda,267."
2798 5306 2807 5310 Α
2927 5305 2956 5310 _
3025 5304 3035 5310 .
3115 5307 3123 5310 _
3169 5303 3200 5310 __
3242 5304 3252 5310 _
3306 5303 3316 5310 _
3479 5304 3509 5310 η
3658 5303 3703 5310 Δ,

2193 5309 2319 5358 Cceli
2349 5314 2543 5381 partes,
2567 5309 2675 5356 269.
2705 5305 2902 5354 Caelum
2926 5303 3284 5367 Peripateticis
3303 5303 3608 5367 ingenitum
3626 5306 3673 5353 et
3693 5303 3756 5350 in-

2198 5371 2492 5419 rruntibile.
2525 5373 2630 5419 269.

2132 5372 2492 5425 corruptibile,
2525 5373 2630 5419 269.

2191 5386 2492 5432 rrupunue.
2525 5386 2630 5419 κου.

2191 5434 2393 5483 Caelum
2439 5447 2506 5481 ex
2536 5431 2763 5480 Platonis
2794 5429 3058 5478 sententia
3087 5431 3264 5477 ortum
3295 5432 3392 5486 est,
3428 5431 3538 5477 270.
3582 5427 3756 5476 leum

2131 5498 2364 5559 primum
2394 5499 2446 5543 et
2474 5494 2745 5544 stellarum
2780 5506 2971 5555 expers
3016 5491 3196 5553 quale,
3235 5494 3346 5540 375.
3395 5490 3668 5549 Quomodo
3694 5490 3756 5537 in-

2130 5565 2373 5608 ventum.
2405 5562 2516 5606 378.

2194 5595 2636 5683 Color’p‘uniceus
2663 5622 2715 5667 et
2740 5629 3041 5683 purpureus
3069 5615 3484 5683 quomodoﬁat,
3517 5617 3620 5664 221.

2195 5686 2353 5733 Coma
2378 5673 2475 5732 seu
2505 5681 2666 5730 crinis
2712 5673 2986 5729 stellarum
3023 5673 3115 5741 qu'i
3145 5681 3370 5740 apparet
3419 5679 3559 5727 circa
3602 5673 3750 5725 stellas

2134 5761 2242 5795 non
2273 5749 2414 5795 inest
2440 5746 2574 5811 ipsis
2596 5742 2777 5811 stellis,
2809 5747 2914 5793 156.
3140 5804 3149 5811 _
3253 5803 3264 5811 _
3477 5807 3485 5811 _
3672 5799 3696 5811 ..

2194 5811 2352 5858 Coma
2382 5799 2477 5857 seu
2505 5807 2664 5856 crinis
2693 5799 2826 5854 alias
2845 5811 3088 5856 movetur
3110 5803 3269 5853 simul
3291 5817 3414 5854 cum
3446 5802 3622 5859 stellis,
3643 5799 3746 5848 alias

2133 5886 2242 5922 non
2275 5875 2522 5922 movetur
2552 5868 2730 5929 simul,
2763 5873 2870 5918 156.
