3998 6440
339 464 495 532 1639

401 604 478 653 33.
509 601 586 650 Ad
617 601 1008 662 imperatorem,
1032 598 1096 647 de
1119 597 1365 662 domibus
1387 609 1507 660 qua:
1529 595 1722 644 divinis
1745 608 1806 662 ac
1826 607 1982 662 vene-

340 665 519 713 randis
547 656 796 712 Ecclesiis
821 661 1076 722 proximae
1107 665 1158 710 et
1203 656 1504 722 conjunctae
1549 662 1692 707 sunt.
1743 656 1894 716 Quod
1927 657 1982 704 in

338 727 439 776 hoc
468 728 536 774 sit
561 739 719 788 grave
749 723 1020 772 delictum.

399 808 476 855 34.
508 805 583 854 Ad
614 805 980 867 imperatorem
1013 806 1070 852 ut
1116 803 1553 852 commisereatur
1591 801 1654 849 iis
1684 800 1773 863 qui
1803 799 1979 848 Paxen

338 883 401 919 ex
431 881 638 916 carcere
669 867 986 916 eduxerunt.

402 952 478 999 35.
509 947 661 1006 Quod
691 950 934 1010 oporteat
980 959 1166 994 omnes
1196 944 1262 993 ad
1313 943 1600 994 Salvatoris
1647 942 1979 1004 sepulturam

339 1023 674 1060 concurrere.

400 1093 478 1140 36.
512 1089 590 1140 Ad
621 1089 928 1138 universum
957 1087 1232 1149 populum,
1257 1087 1539 1136 cohortaris
1565 1099 1685 1134 eum
1708 1088 1766 1133 ut
1795 1083 1862 1133 ad
1883 1083 1979 1132 Do-

339 1154 470 1202 mini
499 1153 829 1214 sepulturam
859 1153 1158 1198 concurrat.

401 1236 477 1281 37.
508 1232 586 1281 Ad
616 1233 988 1293 imperatorem
1023 1229 1089 1278 de
1117 1229 1300 1279 eadem
1332 1243 1406 1278 re.

401 1314 480 1361 38.
510 1311 745 1372 Epistola
774 1313 838 1358 ad
861 1310 1254 1372 imperatorem,
1277 1309 1510 1357 invitans
1533 1321 1652 1357 eum
1675 1307 1740 1356 ad
1761 1305 1974 1355 celebri-

337 1379 500 1424 tatem
529 1371 817 1436 sepulturte
848 1371 1144 1422 Salvatoris.

399 1458 475 1505 39.
511 1455 586 1504 Ad
618 1455 988 1515 imperatorem
1018 1452 1250 1500 invitans
1279 1465 1399 1500 eum
1447 1450 1512 1499 ad
1551 1451 1744 1499 festum
1775 1447 1977 1497 Dormi-

336 1518 498 1568 tionis
527 1516 880 1565 sanettssimaa
913 1515 1172 1576 Deiparaa.

395 1599 472 1646 40.
502 1594 832 1658 Ερὶθιοιαίαᾶ
863 1595 1258 1656 imperatorem,
1289 1593 1354 1641 de
1376 1591 1667 1642 asserenda
1685 1592 1739 1640 in
1768 1591 1978 1639 liberta-

333 1663 437 1709 tem
469 1657 701 1708 Ecclesia
727 1657 941 1706 Christi.

396 1742 475 1787 41.
508 1737 741 1801 Epistola
796 1736 864 1786 ad
895 1737 1287 1801 imperatorem.
1319 1735 1470 1801 Quod
1501 1748 1610 1783 non
1640 1748 1708 1801 ex
1739 1733 1978 1781 humano

335 1796 667 1859 aﬁ'ectufsed
696 1803 910 1849 tantum
939 1796 1214 1848 eharitatis
1243 1812 1402 1847 causa
1430 1797 1545 1846 haec
1573 1796 1867 1846 referamus

400 1880 732 1952 t2.hEpistola
759 1879 826 1928 ad
855 1880 1250 1952 imperatorem,
1288 1877 1443 1950 deoiis
1469 1877 1560 1952 qui
1591 1876 1779 1952 sitiunt
1806 1888 1978 1952 popu-

335 1944 443 1992 lum
470 1940 562 1992 Dei
591 1943 846 1992 devorare
875 1940 1012 1989 sieut
1049 1954 1226 1989 escam
1257 1940 1426 2002 panis,
1459 1943 1511 1988 et
1539 1940 1682 2002 quod
1713 1940 1824 2000 ipse
1855 1951 1978 2002 con-

335 2007 515 2118 dloleiit
544 2005 826 2068 plusquam
845 2003 998 2053 amici
1028 2007 1079 2052 ct
1098 1999 1326 2066 cognati,
1349 2002 1413 2050 de
1432 1999 1686 2050 aerumnis
1707 2013 1826 2063 quas
1847 1999 1980 2048 acci-

378 2082 451 2118 un
479 2103 493 2117 .

397 2151 476 2197 43.
504 2145 737 2209 Epistola
767 2145 832 2194 ad
858 2145 1246 2209 imperatorem.
1267 2144 1341 2209 Ne
1364 2143 1568 2209 omittat
1591 2155 1686 2201 pro
1708 2141 1849 2190 dono
1879 2140 1980 2189 sibi

335 2206 867 2267 collatofconferenti
901 2208 1006 2256 Deo
1037 2208 1228 2270 dignos
1258 2206 1455 2254 referre
1477 2206 1696 2253 fructus.

397 2293 474 2340 44.
507 2288 738 2352 Epistola
766 2287 829 2336 ad
861 2287 1255 2352 imperatorem.
1277 2286 1342 2334 de
1365 2285 1616 2334 couendis
1638 2282 1900 2352 episcopis
1922 2285 1981 2330 ut

335 2367 458 2403 cum
487 2346 644 2414 grege
671 2365 768 2399 suo
790 2346 1000 2399 assidue
1028 2353 1449 2406 commorantur,
1469 2352 1521 2395 et
1547 2351 1690 2395 recte
1722 2346 1979 2409 populum

335 2432 428 2481 Dei
449 2435 695 2494 pascant.

401 2513 476 2560 45.
509 2509 588 2558 Ad
614 2510 1008 2571 imperatorem,
1027 2508 1171 2571 quod
1192 2508 1422 2556 debeant
1440 2505 1631 2571 singuli
1663 2505 1893 2571 episcopi
1924 2505 1977 2552 in

339 2573 584 2621 Ecclesiis
607 2567 718 2621 suis
745 2585 977 2629 manere,
1012 2567 1188 2632 neque
1232 2571 1299 2619 ab
1330 2571 1391 2617 iis
1422 2567 1550 2630 plus
1588 2583 1678 2617 sex
1708 2567 1980 2632 mensibus

341 2637 542 2693 abesse,
565 2636 620 2683 ut
653 2635 856 2697 legibus
877 2637 929 2682 et
944 2629 1240 2682 canonibus
1261 2629 1514 2680 statutum
1535 2636 1638 2680 est:
1663 2635 1718 2679 et
1738 2644 1805 2679 ne
1829 2629 1978 2678 habi-

344 2702 458 2747 tent
487 2699 542 2746 in
571 2698 715 2760 regia
744 2697 892 2745 urbe-

399 2781 476 2828 46.
509 2776 587 2826 Ad
615 2777 1009 2839 imperatorem,
1040 2787 1199 2837 quem
1230 2774 1470 2823 hortatur
1499 2777 1559 2823 ut
1584 2774 1845 2822 OEnteotte
1889 2771 1978 2821 be-

336 2841 585 2888 neﬁcium
617 2839 899 2902 impertiat.

399 2921 476 2969 47.
506 2919 743 2981 Epistola
774 2917 842 2981 ad,
877 2915 1448 2981 imperatorem._Qum
1477 2929 1677 2981 merces
1706 2915 1755 2962 ei
1786 2911 1980 2975 danda,

334 2983 426 3046 qui
457 2983 513 3030 in
544 2978 726 3030 sancta
757 2980 847 3028 Dei
876 2979 1110 3027 Ecclesia
1136 2978 1449 3042 synodicum
1480 2979 1750 3026 retulerat.

399 3065 475 3111 48.
508 3060 739 3124 Epistola
765 3058 832 3124 ad
862 3059 1257 3124 imperatorem,
1283 3062 1465 3108 contra
1483 3059 1649 3121 turpis
1677 3058 1809 3106 lucri
1832 3059 1980 3121 cupi-

337 3124 451 3181 dos.
481 3122 632 3172 et'de
657 3122 945 3186 privilegiis
976 3122 1237 3172 Ecclesiae.

399 3206 475 3253 49.
508 3202 740 3265 Epistola
768 3201 834 3250 ad
881 3203 1252 3265 imperatorem
1281 3200 1358 3265 de?
1397 3199 1724 3265 honorandis
1753 3203 1826 3265 _et
1854 3214 1978 3250 exo-

336 3265 532 3314 nandis
553 3263 755 3314 divinis
773 3263 1016 3326 templis;
1049 3263 1191 3326 quod
1223 3264 1489 3311 nemiuem
1522 3264 1705 3310 deceat
1750 3263 1977 3326 inicate-

340 3328 647 3376 chumeneis
675 3325 913 3375 habitare
940 3341 952 3386 ;
985 3325 1157 3389 neque
1188 3326 1370 3374 domos
1395 3325 1766 3388 quorumpiam
1798 3325 1980 3375 divina

337 3391 538 3453 templa
567 3390 875 3453 contingere
904 3403 997 3452 par
1027 3390 1110 3437 sit.

397 3473 473 3519 50.
507 3468 583 3517 Ad
606 3469 1002 3529 imperatorem,
1031 3471 1176 3516 utne
1197 3468 1365 3516 cuivis
1386 3467 1620 3528 loquenti
1647 3479 1826 3516 aurem
1849 3480 1978 3529 prie-

334 3533 476 3589 beat,
498 3545 597 3580 nec
621 3529 837 3579 colonos
867 3531 933 3579 ab
963 3531 1102 3592 agris
1130 3529 1365 3578 colendis
1394 3534 1654 3578 coerceat.

399 3615 473 3660 5L
513 3611 746 3673 Epistola
775 3610 840 3658 ad
884 3611 1276 3672 imperatorem,
1307 3609 1373 3658 de
1409 3609 1829 3671 impudentibus,
1859 3621 1977 3656 san-

335 3674 609 3738 guinariis,
644 3677 696 3722 et
727 3673 782 3721 in
815 3673 1014 3720 malitia
1043 3673 1409 3734 locupletibus.

402 3756 480 3803 52.
507 3753 736 3814 Epistola
765 3752 830 3801 ad
861 3753 1255 3814 imperatorem.
1285 3753 1431 3809 Quod
1453 3753 1486 3799 ii
1509 3753 1701 3814 quibus
1721 3751 1926 3813 gladius
1949 3766 1979 3799 a

342 3817 449 3865 Deo
479 3817 701 3864 traditus
727 3819 823 3870 est,
856 3829 963 3862 non
989 3816 1052 3862 ad
1078 3815 1334 3862 tradentis
1358 3815 1605 3876 placitum
1628 3815 1718 3861 illo
1741 3818 1976 3873 utantur;

343 3879 487 3942 quod
505 3880 568 3927 ad
594 3879 756 3942 Deum
779 3878 858 3942 ira
877 3877 1330 3942 iniiammandum,
1362 3881 1414 3925 et
1443 3877 1519 3942 ad
1539 3877 1832 3942 animarum
1865 3891 1981 3942 per-

341 3939 534 3990 niciem
565 3941 749 4002 vergit.
783 3940 844 3989 Et
872 3944 930 3989 ut
947 3940 1136 4002 Tyrius
1156 3945 1208 3988 et
1239 3939 1630 3989 Alexandrinus
1659 3940 1892 4000 episcopi
1916 3953 1979 3988 ex

341 4005 469 4052 urbe
492 4003 782 4052 discedant.

340 4005 469 4053 urbe
492 4003 782 4052 discedant.

401 4086 478 4132 53.
509 4082 744 4138 Novella,
775 4096 867 4129 seu
897 4080 1081 4129 relatio
1112 4081 1422 4144 patriarchae
1453 4081 1654 4128 domini
1685 4082 1979 4140 Athanasii,

339 4148 392 4194 et
421 4149 750 4208 congregatas
780 4145 921 4205 apud
945 4157 1064 4208 eum
1087 4143 1292 4208 synodi,
1315 4143 1380 4192 ad
1408 4144 1860 4208 religiosissimum
1884 4145 1976 4208 im-

379 4206 640 4256 eratorem
671 4207 950 4254 dominum
987 4206 1350 4254 Andronicum
1384 4207 1750 4268 Palaeologum;
1777 4208 1840 4254 de
1862 4207 1979 4268 qui-

338 4222 561 4318 Busdam
592 4270 722 4318 iuris
752 4268 1032 4318 capitibus.
1055 4270 1109 4316 in
1125 4272 1343 4317 modum
1359 4269 1608 4318 Novellae.
1629 4283 1792 4318 uuam
1811 4270 1978 4318 impe-

378 4273 561 4318 usdam
588 4270 722 4332 juris
752 4268 1032 4331 capitibus,
1055 4270 1109 4316 in
1125 4272 1343 4317 modum
1359 4269 1608 4328 Novellae,
1629 4283 1792 4331 quam
1811 4270 1978 4331 impe-

338 4337 482 4381 rator
510 4332 843 4394 approbavit.

400 4415 478 4461 54.
509 4411 741 4474 Epistola
785 4425 893 4473 qua
947 4410 1657 4474 cohortaturiimperatores,
1691 4410 1974 4474 principes,

338 4473 639 4523 sacerdotes
669 4477 721 4522 et
751 4473 1058 4531 monachos,
1093 4477 1151 4521 ut
1178 4473 1338 4521 nudis
1367 4473 1591 4535 pedibus
1620 4486 1740 4522 cum
1785 4473 1978 4523 divinis

338 4537 661 4600 imaginibus
689 4537 1083 4598 processionem
1115 4536 1326 4584 obeant.

403 4620 478 4666 55.
517 4616 594 4665 Ad
623 4617 1015 4678 imperatorem,
1049 4613 1333 4664 cohortans
1361 4628 1482 4664 eum
1512 4618 1572 4664 ut
1602 4614 1667 4662 ad
1698 4614 1979 4665 Salvatoris

339 4679 663 4742 sepulturam
693 4678 928 4727 accedat.

401 4763 479 4810 56.
508 4759 587 4807 Ad
617 4759 989 4820 imperatorem
1021 4757 1086 4806 de
1116 4757 1253 4806 fama
1297 4769 1403 4819 qua
1430 4757 1658 4819 papulus
1703 4757 1976 4807 laboravit.

399 4842 477 4889 57.
509 4839 588 4888 Ad
619 4838 887 4895 eumdem,
921 4838 983 4887 de
1009 4837 1192 4887 eadem
1211 4851 1289 4897 re,
1323 4851 1383 4885 ac
1403 4850 1469 4885 ne
1490 4837 1657 4886 inscio
1678 4838 1980 4900 patriarcha

337 4901 661 4950 frumentum
692 4905 917 4950 vaeneat.

403 4985 479 5031 58.
514 4981 757 5044 Epistola
781 4981 847 5029 ad
877 4981 1247 5042 imperatorem
1279 4979 1342 5028 de
1372 4978 1555 5028 eadem
1587 4994 1658 5038 re,
1689 4984 1742 5030 et
1760 4994 1826 5030 ne
1857 4995 1977 5044 pre-

340 5043 477 5093 tium
507 5057 702 5107 augere
730 5043 902 5092 liceat.

405 5125 484 5172 59.
513 5123 744 5185 Epistola
773 5122 839 5171 ad
864 5122 1270 5185 imperatricem,
1293 5121 1436 5184 quod
1466 5125 1707 5184 oporteat
1725 5135 1843 5170 eam
1861 5136 1994 5172 cum-

343 5187 569 5248 conjuge
599 5185 837 5234 moribus
869 5186 1174 5233 convenire.

406 5267 484 5314 60.
514 5265 754 5335 Epistola.
771 5265 837 5335 ad
847 5265 1256 5335 imperatorem.
1287 5263 1449 5335 _Quod
1478 5263 1515 5311 ii
1559 5264 1649 5335 qui
1679 5278 1857 5335 amore
1887 5264 1982 5335 dn-

344 5340 541 5378 cuntur
568 5328 675 5390 Deo
705 5327 895 5390 placita
924 5327 1230 5390 suggerant,
1253 5330 1304 5375 et
1328 5339 1522 5390 magna
1547 5327 1599 5374 vi
1629 5327 1882 5388 perﬁcere
1902 5328 1982 5376 ni-

342 5395 544 5448 tantur,
573 5388 627 5437 id
658 5388 756 5438 sibi
785 5393 932 5438 lucro
962 5388 1077 5438 esse
1107 5389 1224 5437 rati.

403 5473 482 5520 6i.
513 5467 746 5531 Epistola
777 5468 841 5515 ad
880 5469 1269 5530 imperatorem.
1299 5467 1453 5531 Quod
1483 5467 1792 5517 orthodoxis
1837 5473 1982 5519 recte

343 5530 601 5607 statutum
631 5536 686 5607 et
711 5531 1040 5607 propositum
1071 5532 1159 5607 sii,
1194 5530 1687 5607 ut‘divinatempla
1716 5533 1978 5607 excitent:

341 5597 405 5645 iis
434 5596 526 5658 qui
551 5596 607 5642 in
637 5594 856 5642 diversis
879 5593 1006 5641 locis
1027 5593 1092 5640 ad
1124 5593 1226 5641 hoc
1245 5593 1484 5656 deputati
1502 5597 1627 5642 sunt
1656 5594 1980 5644 concreden-

343 5658 443 5707 da:
476 5665 533 5706 ut
561 5656 726 5705 divini
757 5668 992 5704 canones
1021 5657 1318 5705 enuntiant.

405 5739 482 5788 62.
512 5735 749 5798 Epistola
777 5734 845 5784 ad
873 5734 1263 5798 imperatorem,
1301 5739 1366 5798 ut
1394 5739 1544 5786 curet
1589 5736 1982 5790 combustibilia

344 5798 486 5865 ligna
501 5797 844 5863 suppeditari,
867 5810 972 5862 quo
994 5797 1160 5862 possit
1175 5797 1474 5861 patriarcha
1491 5798 1829 5863 pulmentum
1851 5814 1980 5865 pau-

345 5861 834 5930 paribus—coquere.

1773 453 1982 522 ORDC‘
2027 459 2297 522 RERUM

3573 447 3730 518 1610

2154 595 2252 664 63ε-
2265 592 2495 664 Epistola
2520 592 2596 664 ad.
2617 592 2989 664 imperatorem
3010 594 3101 664 ,ιη’
3118 591 3344 664 quisque
3375 590 3651 664 episcopus
3680 591 3735 664 in

2091 668 2187 703 sua
2216 652 2449 705 Ecclesia
2493 652 2741 704 resideat.
2775 655 2836 703 Et
2865 654 2930 702 de
2981 652 3184 703 clericis
3235 652 3325 716 qui
3365 652 3657 702 ofﬁciorum
3688 655 3740 702 et

2090 732 2235 776 regna
2265 733 2426 767 causa
2457 721 2799 767 contumaces
2831 721 2973 765 sunt.

2151 801 2227 846 64.
2259 798 2493 859 Epistola
2522 797 2589 845 ad
2634 799 3028 859 imperatorem,
3060 809 3116 845 se
3160 809 3221 844 ea
3251 807 3392 859 quaa_
3416 793 3594 859 refert,
3629 807 3739 843 non

2089 855 2401 970 amicorum,
2451 855 2817 923 cognatorum,
2879 872 3179 917 munerum,
3229 855 3320 906 aut
3345 855 3530 921 gloriae
3575 871 3742 907 causa

2089 936 2145 970 re
2173 937 2307 970 erre.

2088 936 2307 971 reierre.

2150 1004 2226 1051 65.
2260 1002 2498 1060 Epistola
2525 1001 2860 1064 patriarchae.
2892 1014 2996 1062 qua
3017 1001 3236 1064 infamia
3256 1003 3472 1064 notatur
3496 999 3741 1064 Joannes

2089 1065 2308 1136 quidam
2342 1062 2565 1136 Drimys,
2597 1065 2687 1126 qui
2709 1063 3081 1136 {macerandam
3106 1063 3206 1136 sibi
3229 1062 3530 1136 societatem
3564 1062 3741 1136 conci-

2086 1125 2240 1175 liaret
2273 1132 2459 1176 contra
2479 1125 2694 1190 gregem
2715 1126 2922 1185 Christi,
2947 1131 3130 1176 contra
3149 1125 3453 1181 Ecclesiam,
3484 1128 3539 1172 et
3568 1138 3600 1173 a
3631 1125 3741 1173 Deo

2089 1194 2399 1238 coronatum
2432 1191 2827 1252 imperatorem.

2150 1270 2227 1316 66.
2261 1268 2492 1330 Epistola
2519 1268 2585 1316 ad
2614 1267 3013 1330 imperatorem,
3053 1266 3289 1330 excitans
3317 1279 3439 1314 eum
3467 1269 3527 1314 ut
3556 1265 3740 1330 Eccle-

2089 1329 2217 1440 aliain
2249 1328 2551 1441 ccimponat,
2581 1335 2634 1379 et
2679 1329 2922 1378 subditos
2950 1328 3014 1378 ad
3047 1329 3208 1378 vitam
3245 1331 3540 1378 secundum
3588 1329 3742 1391 leges

2127 1405 2155 1440 e
2198 1406 2296 1441 uca
2326 1429 2336 1440 .

2149 1475 2226 1521 67.
2258 1471 2493 1533 Epistola
2523 1471 2588 1519 ad
2619 1473 2874 1532 pastores.
2899 1483 2968 1518 na
2997 1471 3320 1519 monasteria
3348 1469 3561 1533 subdita
3584 1469 3742 1532 quasi

2088 1532 2355 1596 prepriain
2381 1536 2772 1596 possessionem
2801 1534 2899 1581 sibi
2932 1534 3238 1592 attribuant,
3264 1536 3355 1581 aut
3382 1532 3626 1581 vendant
3649 1535 3743 1580 aut

2087 1596 2204 1645 aliis
2232 1598 2462 1654 tradant,
2485 1597 2586 1645 nisi
2611 1600 2769 1658 prout
2799 1596 3051 1644 canonice
3082 1598 3340 1644 statutum
3363 1599 3464 1644 est.

2087 1687 2226 1795 ﬁl_68.
2259 1685 2493 1749 Epistola
2523 1683 2589 1734 ad
2620 1685 3013 1748 imperatorem,
3043 1683 3108 1733 de
3138 1683 3360 1747 despota
3400 1682 3615 1733 Joanne
3645 1696 3746 1733 suo

2146 1761 2215 1795 10.
3553 1779 3558 1784 .

2146 1761 2215 1795 10.
3553 1779 3558 1784 ι

2148 1830 2227 1876 69.
2260 1827 2338 1876 Ad
2368 1827 2765 1897 imperatorem,
2777 1888 2784 1897 _
2810 1823 3079 1897 quomodo
3139 1824 3460 1897 imperatrix
3502 1826 3743 1886 graviter

2087 1893 2399 1938 succenseat
2431 1887 2540 1937 ﬁlio
2571 1901 2668 1937 suo
2698 1887 3004 1937 felicissimo
3037 1887 3299 1950 despotaa.

2149 1980 2226 2027 70.
2257 1977 2490 2040 Epistola
2523 1977 2590 2026 ad
2623 1978 3014 2040 imperatorem,
3067 1976 3131 2025 de
3157 1976 3377 2040 domino
3405 1980 3456 2025 et
3500 1975 3616 2025 ﬁlio
3647 1991 3747 2027 suo

2085 2037 2316 2112 _Joanne‘,‘
2339 2046 2399 2112 ut
2428 2054 2524 2112 pro
2557 2037 2858 2112 sumptibus
2887 2044 2941 2088 et
2985 2052 3083 2101 pro
3139 2037 3395 2104 dignitate
3433 2041 3749 2090 necessaria

2087 2103 2186 2166 ipsi
2219 2102 2712 2152 subministrentur.

2149 2184 2228 2253 71.
2257 2181 2487 2253 Epistola
2515 2181 2580 2229 ad
2630 2181 3032 2253 imperatorem,
3073 2181 3136 2253 d‘e
3190 2179 3527 2253 pubiicarum
3556 2194 3745 2253 rerum

2089 2245 2540 2300 administratore,
2567 2244 2656 2306 qui
2689 2243 2973 2306 quemdam
3020 2243 3235 2306 induxit
3263 2248 3322 2293 ut
3350 2243 3522 2292 securi
3554 2244 3746 2305 imagi-

2088 2319 2208 2354 nem
2239 2306 2526 2354 Salvatoris
2548 2305 2866 2369 percuteret
2914 2319 2975 2353 ac
3003 2305 3288 2368 dejiceret:
3341 2320 3404 2355 ac
3432 2306 3496 2354 de
3555 2319 3622 2355 eo
3654 2307 3747 2369 qui

2087 2369 2414 2418 frumentum
2445 2368 2687 2431 abripere
2719 2381 2881 2416 ausus
2912 2372 3010 2416 est.

2149 2459 2227 2505 72.
2259 2457 2493 2518 Epistola
2522 2457 2586 2504 ad
2631 2457 3005 2518 imperatorem
3037 2455 3102 2504 de
3153 2455 3216 2503 iis
3245 2456 3334 2518 qui
3384 2455 3647 2504 nolebant
3677 2457 3750 2505 fe-

2089 2523 2228 2566 stum
2253 2519 2554 2567 divinorum
2579 2519 2943 2580 apostolorum
2967 2518 3246 2568 celebrari:
3271 2523 3319 2567 et
3343 2518 3486 2580 quod
3509 2519 3629 2580 ipse
3653 2519 3750 2567 im-

2087 2587 2305 2691 perator
2333 2595 2438 2629 non
2475 2579 2663 2643 passus
2687 2581 2772 2638 sit,
2806 2586 2865 2628 ut
2893 2579 2946 2628 id
2967 2579 3482 2643 praetermitteretur,
3505 2579 3559 2628 et
3580 2594 3749 2630 sacras

2110 2644 2315 2691 ituraias
2346 2643 2398 2691 in
2431 2643 2631 2691 donum
2663 2644 2868 2691 miserit
2895 2643 3189 2691 pretiosum
3214 2656 3275 2691 ac
3305 2643 3584 2691 pulchram
3607 2644 3749 2691 tuni-

2110 2644 2315 2753 ἰωγρέᾶῖ
2346 2643 2398 2692 in
2431 2643 2631 2692 donum
2663 2644 2868 2692 miserit
2895 2643 3189 2706 pretiosum
3214 2656 3275 2692 ac
3305 2643 3584 2706 pulchram
3607 2644 3753 2692 tuni-

2110 2720 2208 2753 :am
2263 2720 2293 2753 a
2317 2719 2478 2753 aram.

2091 2720 2208 2754 eam
2238 2709 2478 2754 talarem.

2151 2789 2228 2834 73.
2262 2785 2500 2849 Epistola
2529 2784 2593 2833 ad
2626 2783 3340 2849 imperatoremdedomino
3357 2783 3623 2849 Niphone,
3649 2784 3749 2849 Cy-

2089 2848 2270 2896 ziceno
2302 2846 2573 2910 episcopo,
2607 2851 2660 2896 et
2686 2847 2751 2896 de
2783 2846 3213 2896 accusationibus
3242 2847 3343 2908 ipsi
3374 2847 3588 2896 oblatis.

2150 2931 2228 2976 71.
2262 2927 2493 2988 Epistola
2522 2928 2576 2975 in
2620 2927 2908 2989 gratiarum
2934 2927 3198 2975 actionem
3231 2925 3298 2974 ad
3347 2927 3746 2988 imperatorem.

2087 2990 2237 3048 Quod
2268 3003 2388 3038 cum
2419 2991 2474 3038 in
2504 2994 2654 3038 tanta
2676 2989 2860 3037 mundi
2881 3002 3008 3038 cura
3029 2989 3350 3038 constitutus
3379 2991 3460 3046 sit,
3484 3003 3598 3037 non
3621 2990 3750 3038 alte-

2087 3054 2138 3164 i'ii
2162 3053 2360 3163 priinas
2390 3052 2655 3109 detulerit,
2689 3053 2744 3100 in
2774 3050 3081 3100 reducenda
3103 3064 3202 3100 ove
3226 3064 3384 3114 quam
3405 3052 3630 3115 periisse
3651 3066 3746 3100 au-

2127 3129 2239 3164 tera
2268 3153 2279 3164 .

2151 3198 2228 3244 75.
2259 3193 2492 3256 Epistola
2521 3192 2586 3242 de
2620 3193 2913 3248 monachis,
2944 3193 3035 3254 qui
3066 3191 3284 3242 arbitrio
3315 3207 3411 3242 suo
3441 3206 3627 3242 sacros
3657 3207 3744 3243 ca-

2087 3270 2256 3306 nones
2306 3256 2706 3314 coneulcarunt,
2737 3259 2789 3304 et
2834 3269 2865 3304 a
2894 3257 3221 3304 monasterio
3265 3269 3363 3305 suo
3395 3257 3742 3319 aufugerunt.

2150 3335 2228 3394 76.
2259 3344 2492 3406 Epistola
2521 3343 2586 3392 ad
2617 3345 3009 3406 imperatorem,
3060 3348 3120 3393 ut
3158 3347 3280 3406 post
3325 3345 3495 3393 Deum
3545 3347 3657 3394 sive
3687 3346 3743 3395 in

2090 3407 2288 3456 dextris
2319 3408 2429 3455 sive
2450 3407 2505 3454 in
2529 3407 2756 3455 sinistris
2779 3420 2809 3454 a
2831 3406 3116 3468 spiritualis
3140 3408 3305 3470 patris
3326 3412 3457 3457 nutu
3483 3407 3739 3469 pendeat.

2152 3500 2230 3543 77.
2260 3493 2493 3558 Epistola
2524 3493 2588 3542 ad
2618 3495 3008 3558 imperatorem.
3039 3498 3099 3543 ut
3119 3494 3399 3558 provideat
3425 3495 3660 3545 fructum
3690 3499 3740 3545 et

2090 3558 2244 3622 panis
2273 3557 2629 3605 venditionem
2657 3556 2856 3618 justam
2885 3569 3018 3604 esse.

2151 3641 2228 3685 78.
2261 3635 2494 3698 Epistola
2520 3635 3014 3698 quaimperatotes,
3041 3635 3306 3698 principes
3337 3640 3388 3684 et
3416 3650 3610 3685 omnes
3640 3636 3738 3686 sub

2089 3699 2183 3748 diti
2214 3699 2278 3747 ad
2309 3697 2716 3747 conversionem
2749 3701 2800 3746 et
2831 3697 2897 3746 ad
2927 3697 3299 3759 pmnitentiam
3329 3700 3650 3749 excitantur.

2151 3781 2229 3826 79.
2261 3777 2530 3825 Abdicatio
2561 3775 2753 3838 prioris
2784 3775 3192 3836 patriarchatus.

2153 3859 2229 3906 80.
2265 3857 2571 3906 Posterioris
2600 3855 2988 3917 patriarchatus
3019 3856 3302 3905 abdicatio.

2153 3940 2229 3986 81.
2261 3935 2618 3984 Sanctissimis
2648 3936 2740 3983 Dei
2788 3935 3125 3998 praesulibus,
3144 3996 3154 3998 μ
3175 3934 3560 3998 gloriosissimo
3588 3950 3737 3989 sena-

2090 4000 2188 4059 tui,
2220 4003 2272 4047 et
2303 3998 2723 4046 honuratissimis
2751 3996 2950 4046 e’clero
2976 3996 3339 4046 sacerdotibus
3368 4002 3419 4046 et
3442 3998 3738 4058 monachis;

2089 4062 2153 4109 iis
2184 4062 2341 4110 etiam
2373 4061 2462 4122 qui
2517 4061 2759 4108 militiam
2816 4064 3082 4120 exercent,
3137 4073 3199 4108 ac
3254 4060 3458 4108 civibus
3488 4061 3738 4110 divitibus

2089 4124 2519 4186 pauperibusque
2549 4123 2674 4170 viris
2706 4122 3099 4186 ctﬂmulieribus
3129 4122 3383 4171 omnibus
3411 4123 3504 4172 Dei
3535 4124 3735 4173 miseri-

2089 4185 2321 4235 cordiam
2353 4186 2577 4234 conferri
2611 4185 2869 4246 supplico.

2153 4267 2230 4312 82.
2261 4262 2493 4326 Epistola
2522 4261 2588 4310 ad
2619 4263 2929 4325 magistrum
2959 4262 3280 4326 _libellorum
3321 4264 3643 4326 supplicum,
3673 4264 3736 4312 de

2091 4324 2352 4376 electione
2373 4340 2478 4389 qua
2497 4324 3027 4386 creatus’patriarcha
3048 4325 3224 4375 fuerat
3243 4324 3526 4389 episcopus
3545 4326 3732 4390 Cyzici.

2153 4414 2526 4479 83._Epistol_a._
2538 4413 2814 4479 Quomodo
2845 4417 2898 4462 et
2916 4427 3082 4479 quare
3110 4413 3283 4477 prima
3311 4417 3364 4463 et
3391 4416 3628 4465 secunda
3644 4429 3733 4479 pa-

2086 4477 2405 4527 triarchatus
2428 4477 2690 4525 abdicatio
2717 4477 2856 4524 facta
2885 4476 2969 4524 sit.

2149 4556 2422 4606 Abdicatio
2451 4555 2642 4618 prioris
2678 4554 3086 4619 patriarchatus.
3645 4556 3731 4605 479

2149 4637 2487 4697 Rescriptum
2518 4635 2849 4697 patriarchas,
2884 4648 2990 4697 quo
3014 4635 3234 4684 infamia
3260 4638 3476 4684 notatur
3503 4637 3733 4686 Joannes

2089 4700 2305 4763 quidam
2337 4698 2544 4760 Drimys
2572 4698 2663 4759 qui
2693 4699 3000 4763 societatem
3020 4711 3139 4746 cum
3160 4699 3486 4763 exsecranda,
3509 4699 3730 4747 factione

2092 4760 2319 4810 ibiverat
2347 4765 2531 4809 contra
2565 4773 2775 4822 gregem
2809 4761 3023 4820 Christi,
3054 4765 3239 4809 contra
3289 4760 3578 4811 Ecclesiam
3625 4764 3676 4809 et
3701 4772 3732 4808 a

2089 4826 2197 4873 Deo
2228 4828 2540 4872 coronatum
2571 4823 2963 4884 imperatorem.
3643 4823 3730 4872 483

2155 4904 2431 4955 Abdicatio
2461 4902 2680 4953 secundi
2709 4903 3115 4965 patriarchatus.
3645 4904 3726 4952 491

2155 4982 2409 5045 Epistola,
2430 4981 2697 5045 quomodo
2729 4986 2781 5030 et
2808 4994 2972 5044 quare
2996 4982 3164 5044 prima
3186 4986 3237 5030 et
3257 4981 3492 5031 secunda
3510 4981 3730 5045 patriar-

2093 5042 2280 5094 chatus
2313 5044 2576 5093 abdicatio
2606 5042 2748 5092 facta
2782 5042 2867 5092 sit.
2996 5042 3013 5044 “
3511 5042 3529 5045 ⁷
3642 5045 3724 5092 195

2153 5124 2386 5188 Epistola
2415 5124 2481 5173 ad
2511 5124 2886 5186 imperatorem
2916 5126 3102 5172 contra
3137 5123 3307 5186 turpis
3335 5122 3467 5172 lucri
3497 5121 3724 5186 cupidos,

2091 5207 2144 5254 et
2173 5205 2237 5252 de
2269 5203 2557 5266 privilegiis
2585 5203 2850 5252 Ecclesia.
3639 5203 3722 5252 503

2151 5283 2386 5354 Epistola
2402 5282 2466 5331 ad
2486 5283 2857 5354 imperatorem
2880 5281 2944 5330 de
2962 5281 3722 5354 dominoiNiphone‘Cyziceypz

2091 5344 2265 5409 quoad
2295 5344 2660 5395 accusationes
2688 5349 2878 5394 contra
2906 5345 3151 5393 eumdem
3179 5344 3283 5407 ipsi
3313 5344 3533 5394 oblatas.
3637 5344 3718 5393 503

2152 5433 2385 5496 Epistola
2412 5433 2477 5482 ad
2508 5433 2819 5496 magistrum
2844 5432 3143 5496 libellorum
3185 5432 3488 5496 supplicum
3534 5430 3717 5496 deela-

2091 5492 2263 5546 ctione
2286 5510 2392 5559 qua
2419 5492 2718 5558 patriarcha
2734 5501 2943 5544 creatus
2963 5495 3134 5544 fuerat
3155 5492 3438 5558 episcopus
3457 5492 3715 5559 Cyzici.506

2152 5575 2381 5636 Epistola
2415 5575 2480 5624 ad
2511 5575 2885 5638 imperatorem
2931 5574 2996 5624 de
3045 5574 3265 5623 deicidis
3316 5574 3536 5634 Judaais,
3578 5575 3712 5638 uta;

2089 5635 2220 5688 urbe
2243 5639 2535 5687 discedant.
2588 5635 2603 5638 ”
3630 5635 3707 5682 510

2149 5718 2381 5782 Epistola
2410 5718 2477 5767 ad
2492 5718 2862 5782 imperatorem
2885 5719 2946 5782 ut
2973 5717 3240 5782 institutat
3259 5716 3460 5768 liberos
3484 5719 3533 5767 et
3550 5710 3708 5782 subdi}

2087 5785 2171 5833 tos
2193 5776 2384 5831 'omnes
2412 5776 2711 5831 secundum
2740 5781 2837 5831 Dei
2864 5779 3081 5844 placita.
3625 5776 3698 5827 511

2148 5861 2385 5930 Epistola
2413 5861 2486 5915 de
2519 5861 2912 5929 congregandis
2959 5861 3017 5913 in
3043 5859 3233 5914 Charm
3259 5858 3578 5914 monasterio
3600 5865 3701 5922 pro-
